price,quantity,type,timestamp
532.4,14213.9466,0,2022-05-21 22:20:31
532.3,7489.8621,0,2022-05-21 22:20:31
532.2,35482.5196,0,2022-05-21 22:20:31
532.1,10950.7403,0,2022-05-21 22:20:31
532.0,70516.2856,0,2022-05-21 22:20:31
532.7,26874.0972,1,2022-05-21 22:20:31
532.8,43558.617,1,2022-05-21 22:20:31
532.9,36290.7332,1,2022-05-21 22:20:31
533.0,6434.5686,1,2022-05-21 22:20:31
533.1,33691.2193,1,2022-05-21 22:20:31
532.4,59.3688,0,2022-05-21 22:20:34
532.3,7489.8621,0,2022-05-21 22:20:34
532.2,35482.5196,0,2022-05-21 22:20:34
532.1,10950.7403,0,2022-05-21 22:20:34
532.0,70516.2856,0,2022-05-21 22:20:34
532.7,26874.0972,1,2022-05-21 22:20:34
532.8,43558.617,1,2022-05-21 22:20:34
532.9,36290.7332,1,2022-05-21 22:20:34
533.0,6434.5686,1,2022-05-21 22:20:34
533.1,33691.2193,1,2022-05-21 22:20:34
532.4,59.3688,0,2022-05-21 22:20:36
532.3,7489.8621,0,2022-05-21 22:20:36
532.2,35482.5196,0,2022-05-21 22:20:36
532.1,10950.7403,0,2022-05-21 22:20:36
532.0,70516.2856,0,2022-05-21 22:20:36
532.7,26874.0972,1,2022-05-21 22:20:36
532.8,43558.617,1,2022-05-21 22:20:36
532.9,36290.7332,1,2022-05-21 22:20:36
533.0,6434.5686,1,2022-05-21 22:20:36
533.1,124247.4601,1,2022-05-21 22:20:36
532.4,59.3688,0,2022-05-21 22:20:38
532.3,7489.8621,0,2022-05-21 22:20:38
532.2,35482.5196,0,2022-05-21 22:20:38
532.1,10950.7403,0,2022-05-21 22:20:38
532.0,70516.2856,0,2022-05-21 22:20:38
532.7,26874.0972,1,2022-05-21 22:20:38
532.8,6035.1649,1,2022-05-21 22:20:38
532.9,73814.1853,1,2022-05-21 22:20:38
533.0,6434.5686,1,2022-05-21 22:20:38
533.1,124247.4601,1,2022-05-21 22:20:38
532.4,59.3688,0,2022-05-21 22:20:40
532.3,7489.8621,0,2022-05-21 22:20:40
532.2,35482.5196,0,2022-05-21 22:20:40
532.1,10950.7403,0,2022-05-21 22:20:40
532.0,70516.2856,0,2022-05-21 22:20:40
532.7,26874.0972,1,2022-05-21 22:20:40
532.8,6035.1649,1,2022-05-21 22:20:40
532.9,73814.1853,1,2022-05-21 22:20:40
533.0,6434.5686,1,2022-05-21 22:20:40
533.1,124247.4601,1,2022-05-21 22:20:40
532.4,59.3688,0,2022-05-21 22:20:42
532.3,7489.8621,0,2022-05-21 22:20:42
532.2,35482.5196,0,2022-05-21 22:20:42
532.1,10950.7403,0,2022-05-21 22:20:42
532.0,70516.2856,0,2022-05-21 22:20:42
532.7,26874.0972,1,2022-05-21 22:20:42
532.8,6035.1649,1,2022-05-21 22:20:42
532.9,73814.1853,1,2022-05-21 22:20:42
533.0,6434.5686,1,2022-05-21 22:20:42
533.1,124247.4601,1,2022-05-21 22:20:42
532.4,59.3688,0,2022-05-21 22:20:44
532.3,7489.8621,0,2022-05-21 22:20:44
532.2,35482.5196,0,2022-05-21 22:20:44
532.1,10950.7403,0,2022-05-21 22:20:44
532.0,70526.2856,0,2022-05-21 22:20:44
532.7,26874.0972,1,2022-05-21 22:20:44
532.8,6035.1649,1,2022-05-21 22:20:44
532.9,73814.1853,1,2022-05-21 22:20:44
533.0,6434.5686,1,2022-05-21 22:20:44
533.1,124247.4601,1,2022-05-21 22:20:44
532.4,59.3688,0,2022-05-21 22:20:47
532.3,7489.8621,0,2022-05-21 22:20:47
532.2,35482.5196,0,2022-05-21 22:20:47
532.1,10950.7403,0,2022-05-21 22:20:47
532.0,70526.2856,0,2022-05-21 22:20:47
532.7,26874.0972,1,2022-05-21 22:20:47
532.8,6035.1649,1,2022-05-21 22:20:47
532.9,73814.1853,1,2022-05-21 22:20:47
533.0,6434.5686,1,2022-05-21 22:20:47
533.1,124247.4601,1,2022-05-21 22:20:47
532.4,59.3688,0,2022-05-21 22:20:49
532.3,7489.8621,0,2022-05-21 22:20:49
532.2,35482.5196,0,2022-05-21 22:20:49
532.1,10950.7403,0,2022-05-21 22:20:49
532.0,70526.2856,0,2022-05-21 22:20:49
532.7,26874.0972,1,2022-05-21 22:20:49
532.8,6035.1649,1,2022-05-21 22:20:49
532.9,73814.1853,1,2022-05-21 22:20:49
533.0,6434.5686,1,2022-05-21 22:20:49
533.1,124247.4601,1,2022-05-21 22:20:49
532.4,59.3688,0,2022-05-21 22:20:51
532.3,7489.8621,0,2022-05-21 22:20:51
532.2,35482.5196,0,2022-05-21 22:20:51
532.1,10950.7403,0,2022-05-21 22:20:51
532.0,70526.2856,0,2022-05-21 22:20:51
532.7,26874.0972,1,2022-05-21 22:20:51
532.8,6035.1649,1,2022-05-21 22:20:51
532.9,73814.1853,1,2022-05-21 22:20:51
533.0,6434.5686,1,2022-05-21 22:20:51
533.1,124247.4601,1,2022-05-21 22:20:51
532.4,59.3688,0,2022-05-21 22:20:53
532.3,7489.8621,0,2022-05-21 22:20:53
532.2,35482.5196,0,2022-05-21 22:20:53
532.1,10950.7403,0,2022-05-21 22:20:53
532.0,70526.2856,0,2022-05-21 22:20:53
532.7,26874.0972,1,2022-05-21 22:20:53
532.8,6035.1649,1,2022-05-21 22:20:53
532.9,73814.1853,1,2022-05-21 22:20:53
533.0,6434.5686,1,2022-05-21 22:20:53
533.1,124247.4601,1,2022-05-21 22:20:53
532.4,59.3688,0,2022-05-21 22:20:55
532.3,7489.8621,0,2022-05-21 22:20:55
532.2,35482.5196,0,2022-05-21 22:20:55
532.1,10950.7403,0,2022-05-21 22:20:55
532.0,70526.2856,0,2022-05-21 22:20:55
532.7,26874.0972,1,2022-05-21 22:20:55
532.8,6035.1649,1,2022-05-21 22:20:55
532.9,73814.1853,1,2022-05-21 22:20:55
533.0,6434.5686,1,2022-05-21 22:20:55
533.1,124247.4601,1,2022-05-21 22:20:55
532.4,59.3688,0,2022-05-21 22:20:57
532.3,7489.8621,0,2022-05-21 22:20:57
532.2,35482.5196,0,2022-05-21 22:20:57
532.1,10950.7403,0,2022-05-21 22:20:57
532.0,70526.2856,0,2022-05-21 22:20:57
532.7,26874.0972,1,2022-05-21 22:20:57
532.8,6035.1649,1,2022-05-21 22:20:57
532.9,73814.1853,1,2022-05-21 22:20:57
533.0,6434.5686,1,2022-05-21 22:20:57
533.1,124247.4601,1,2022-05-21 22:20:57
532.4,59.3688,0,2022-05-21 22:20:59
532.3,7489.8621,0,2022-05-21 22:20:59
532.2,35482.5196,0,2022-05-21 22:20:59
532.1,10950.7403,0,2022-05-21 22:20:59
532.0,70526.2856,0,2022-05-21 22:20:59
532.7,26874.0972,1,2022-05-21 22:20:59
532.8,6035.1649,1,2022-05-21 22:20:59
532.9,73814.1853,1,2022-05-21 22:20:59
533.0,6434.5686,1,2022-05-21 22:20:59
533.1,124247.4601,1,2022-05-21 22:20:59
532.4,59.3688,0,2022-05-21 22:21:02
532.3,7489.8621,0,2022-05-21 22:21:02
532.2,35482.5196,0,2022-05-21 22:21:02
532.1,10950.7403,0,2022-05-21 22:21:02
532.0,70526.2856,0,2022-05-21 22:21:02
532.7,26874.0972,1,2022-05-21 22:21:02
532.8,6035.1649,1,2022-05-21 22:21:02
532.9,73814.1853,1,2022-05-21 22:21:02
533.0,6434.5686,1,2022-05-21 22:21:02
533.1,124247.4601,1,2022-05-21 22:21:02
532.4,59.3688,0,2022-05-21 22:21:04
532.3,7489.8621,0,2022-05-21 22:21:04
532.2,35482.5196,0,2022-05-21 22:21:04
532.1,10950.7403,0,2022-05-21 22:21:04
532.0,70526.2856,0,2022-05-21 22:21:04
532.7,26874.0972,1,2022-05-21 22:21:04
532.8,6035.1649,1,2022-05-21 22:21:04
532.9,73814.1853,1,2022-05-21 22:21:04
533.0,6434.5686,1,2022-05-21 22:21:04
533.1,124247.4601,1,2022-05-21 22:21:04
532.4,59.3688,0,2022-05-21 22:21:06
532.3,7489.8621,0,2022-05-21 22:21:06
532.2,35482.5196,0,2022-05-21 22:21:06
532.1,10950.7403,0,2022-05-21 22:21:06
532.0,70526.2856,0,2022-05-21 22:21:06
532.7,26874.0972,1,2022-05-21 22:21:06
532.8,6035.1649,1,2022-05-21 22:21:06
532.9,73814.1853,1,2022-05-21 22:21:06
533.0,6434.5686,1,2022-05-21 22:21:06
533.1,152978.4601,1,2022-05-21 22:21:06
532.4,33852.3413,0,2022-05-21 22:21:08
532.3,7489.8621,0,2022-05-21 22:21:08
532.2,35482.5196,0,2022-05-21 22:21:08
532.1,10950.7403,0,2022-05-21 22:21:08
532.0,70526.2856,0,2022-05-21 22:21:08
532.7,6676.8065,1,2022-05-21 22:21:08
532.8,6035.1649,1,2022-05-21 22:21:08
532.9,73814.1853,1,2022-05-21 22:21:08
533.0,6434.5686,1,2022-05-21 22:21:08
533.1,152978.4601,1,2022-05-21 22:21:08
532.4,33852.3413,0,2022-05-21 22:21:10
532.3,7489.8621,0,2022-05-21 22:21:10
532.2,35482.5196,0,2022-05-21 22:21:10
532.1,48474.1924,0,2022-05-21 22:21:10
532.0,33002.8335,0,2022-05-21 22:21:10
532.7,6676.8065,1,2022-05-21 22:21:10
532.8,3302.9884,1,2022-05-21 22:21:10
532.9,73814.1853,1,2022-05-21 22:21:10
533.0,6434.5686,1,2022-05-21 22:21:10
533.1,33691.2193,1,2022-05-21 22:21:10
532.5,5297.9331,0,2022-05-21 22:21:12
532.4,33852.3413,0,2022-05-21 22:21:12
532.3,9390.1752,0,2022-05-21 22:21:12
532.2,73005.9717,0,2022-05-21 22:21:12
532.1,22950.7403,0,2022-05-21 22:21:12
532.7,6676.8065,1,2022-05-21 22:21:12
532.8,3302.9884,1,2022-05-21 22:21:12
532.9,73814.1853,1,2022-05-21 22:21:12
533.0,6834.5686,1,2022-05-21 22:21:12
533.1,32530.5317,1,2022-05-21 22:21:12
532.7,2658.8868,0,2022-05-21 22:21:15
532.6,15044.4215,0,2022-05-21 22:21:15
532.5,7840.69,0,2022-05-21 22:21:15
532.4,33852.3413,0,2022-05-21 22:21:15
532.3,9390.1752,0,2022-05-21 22:21:15
532.9,56553.5444,1,2022-05-21 22:21:15
533.0,6834.5686,1,2022-05-21 22:21:15
533.1,28474.1146,1,2022-05-21 22:21:15
533.3,22121.0005,1,2022-05-21 22:21:15
533.4,115892.2947,1,2022-05-21 22:21:15
532.7,5481.1637,0,2022-05-21 22:21:17
532.6,34444.3231,0,2022-05-21 22:21:17
532.5,9029.8396,0,2022-05-21 22:21:17
532.4,34003.918,0,2022-05-21 22:21:17
532.3,58913.6273,0,2022-05-21 22:21:17
532.9,26864.3616,1,2022-05-21 22:21:17
533.0,4555.0,1,2022-05-21 22:21:17
533.1,38340.9991,1,2022-05-21 22:21:17
533.2,14026.2136,1,2022-05-21 22:21:17
533.3,1817.3104,1,2022-05-21 22:21:17
532.7,5481.1637,0,2022-05-21 22:21:19
532.6,35611.1766,0,2022-05-21 22:21:19
532.5,9029.8396,0,2022-05-21 22:21:19
532.4,34003.918,0,2022-05-21 22:21:19
532.3,58913.6273,0,2022-05-21 22:21:19
532.9,26864.3616,1,2022-05-21 22:21:19
533.0,4555.0,1,2022-05-21 22:21:19
533.1,38340.9991,1,2022-05-21 22:21:19
533.2,14026.2136,1,2022-05-21 22:21:19
533.3,1817.3104,1,2022-05-21 22:21:19
532.7,5481.1637,0,2022-05-21 22:21:21
532.6,35611.1766,0,2022-05-21 22:21:21
532.5,9029.8396,0,2022-05-21 22:21:21
532.4,34003.918,0,2022-05-21 22:21:21
532.3,58913.6273,0,2022-05-21 22:21:21
532.9,26864.3616,1,2022-05-21 22:21:21
533.0,4555.0,1,2022-05-21 22:21:21
533.1,38340.9991,1,2022-05-21 22:21:21
533.2,14026.2136,1,2022-05-21 22:21:21
533.3,1817.3104,1,2022-05-21 22:21:21
532.7,5481.1637,0,2022-05-21 22:21:23
532.6,35611.1766,0,2022-05-21 22:21:23
532.5,9029.8396,0,2022-05-21 22:21:23
532.4,34003.918,0,2022-05-21 22:21:23
532.3,58913.6273,0,2022-05-21 22:21:23
532.9,26864.3616,1,2022-05-21 22:21:23
533.0,4555.0,1,2022-05-21 22:21:23
533.1,38340.9991,1,2022-05-21 22:21:23
533.2,14026.2136,1,2022-05-21 22:21:23
533.3,1817.3104,1,2022-05-21 22:21:23
532.7,2658.8868,0,2022-05-21 22:21:25
532.6,35611.1766,0,2022-05-21 22:21:25
532.5,9029.8396,0,2022-05-21 22:21:25
532.4,34003.918,0,2022-05-21 22:21:25
532.3,58913.6273,0,2022-05-21 22:21:25
532.9,26864.3616,1,2022-05-21 22:21:25
533.0,4555.0,1,2022-05-21 22:21:25
533.1,40153.8619,1,2022-05-21 22:21:25
533.2,14989.3663,1,2022-05-21 22:21:25
533.3,1817.3104,1,2022-05-21 22:21:25
532.7,2658.8868,0,2022-05-21 22:21:28
532.6,35611.1766,0,2022-05-21 22:21:28
532.5,9029.8396,0,2022-05-21 22:21:28
532.4,34003.918,0,2022-05-21 22:21:28
532.3,58913.6273,0,2022-05-21 22:21:28
532.9,26864.3616,1,2022-05-21 22:21:28
533.0,4555.0,1,2022-05-21 22:21:28
533.1,40153.8619,1,2022-05-21 22:21:28
533.2,14989.3663,1,2022-05-21 22:21:28
533.3,1817.3104,1,2022-05-21 22:21:28
532.7,2658.8868,0,2022-05-21 22:21:30
532.6,34444.3231,0,2022-05-21 22:21:30
532.5,9029.8396,0,2022-05-21 22:21:30
532.4,34003.918,0,2022-05-21 22:21:30
532.3,46913.6273,0,2022-05-21 22:21:30
532.9,26864.3616,1,2022-05-21 22:21:30
533.0,4555.0,1,2022-05-21 22:21:30
533.1,40153.8619,1,2022-05-21 22:21:30
533.2,15140.5073,1,2022-05-21 22:21:30
533.3,1817.3104,1,2022-05-21 22:21:30
532.7,2658.8868,0,2022-05-21 22:21:32
532.6,34444.3231,0,2022-05-21 22:21:32
532.5,9029.8396,0,2022-05-21 22:21:32
532.4,34003.918,0,2022-05-21 22:21:32
532.3,46913.6273,0,2022-05-21 22:21:32
532.9,26864.3616,1,2022-05-21 22:21:32
533.0,4555.0,1,2022-05-21 22:21:32
533.1,40153.8619,1,2022-05-21 22:21:32
533.2,15140.5073,1,2022-05-21 22:21:32
533.3,1817.3104,1,2022-05-21 22:21:32
532.7,2658.8868,0,2022-05-21 22:21:34
532.6,34444.3231,0,2022-05-21 22:21:34
532.5,9029.8396,0,2022-05-21 22:21:34
532.4,34003.918,0,2022-05-21 22:21:34
532.3,46913.6273,0,2022-05-21 22:21:34
532.9,26864.3616,1,2022-05-21 22:21:34
533.0,4555.0,1,2022-05-21 22:21:34
533.1,40153.8619,1,2022-05-21 22:21:34
533.2,15140.5073,1,2022-05-21 22:21:34
533.3,1817.3104,1,2022-05-21 22:21:34
532.7,2658.8868,0,2022-05-21 22:21:36
532.6,34444.3231,0,2022-05-21 22:21:36
532.5,9029.8396,0,2022-05-21 22:21:36
532.4,34003.918,0,2022-05-21 22:21:36
532.3,46913.6273,0,2022-05-21 22:21:36
532.9,26864.3616,1,2022-05-21 22:21:36
533.0,4555.0,1,2022-05-21 22:21:36
533.1,40153.8619,1,2022-05-21 22:21:36
533.2,15140.5073,1,2022-05-21 22:21:36
533.3,1817.3104,1,2022-05-21 22:21:36
532.7,2658.8868,0,2022-05-21 22:21:39
532.6,34444.3231,0,2022-05-21 22:21:39
532.5,9029.8396,0,2022-05-21 22:21:39
532.4,34003.918,0,2022-05-21 22:21:39
532.3,46913.6273,0,2022-05-21 22:21:39
532.9,26864.3616,1,2022-05-21 22:21:39
533.0,4555.0,1,2022-05-21 22:21:39
533.1,40153.8619,1,2022-05-21 22:21:39
533.2,15140.5073,1,2022-05-21 22:21:39
533.3,1817.3104,1,2022-05-21 22:21:39
532.7,2658.8868,0,2022-05-21 22:21:41
532.6,34444.3231,0,2022-05-21 22:21:41
532.5,9029.8396,0,2022-05-21 22:21:41
532.4,34003.918,0,2022-05-21 22:21:41
532.3,46913.6273,0,2022-05-21 22:21:41
532.9,26864.3616,1,2022-05-21 22:21:41
533.0,4555.0,1,2022-05-21 22:21:41
533.1,40153.8619,1,2022-05-21 22:21:41
533.2,15140.5073,1,2022-05-21 22:21:41
533.3,1817.3104,1,2022-05-21 22:21:41
532.7,2658.8868,0,2022-05-21 22:21:43
532.6,34444.3231,0,2022-05-21 22:21:43
532.5,9029.8396,0,2022-05-21 22:21:43
532.4,34003.918,0,2022-05-21 22:21:43
532.3,46913.6273,0,2022-05-21 22:21:43
532.9,26864.3616,1,2022-05-21 22:21:43
533.0,4555.0,1,2022-05-21 22:21:43
533.1,40153.8619,1,2022-05-21 22:21:43
533.2,15140.5073,1,2022-05-21 22:21:43
533.3,1817.3104,1,2022-05-21 22:21:43
532.6,34444.3231,0,2022-05-21 22:21:45
532.5,10068.7616,0,2022-05-21 22:21:45
532.4,34003.918,0,2022-05-21 22:21:45
532.3,46913.6273,0,2022-05-21 22:21:45
532.2,35482.5196,0,2022-05-21 22:21:45
532.9,26864.3616,1,2022-05-21 22:21:45
533.0,4555.0,1,2022-05-21 22:21:45
533.1,40153.8619,1,2022-05-21 22:21:45
533.2,15140.5073,1,2022-05-21 22:21:45
533.3,1817.3104,1,2022-05-21 22:21:45
532.7,5719.9686,0,2022-05-21 22:21:47
532.6,34444.3231,0,2022-05-21 22:21:47
532.5,10068.7616,0,2022-05-21 22:21:47
532.4,34003.918,0,2022-05-21 22:21:47
532.3,58913.6273,0,2022-05-21 22:21:47
532.9,26826.9247,1,2022-05-21 22:21:47
533.0,4555.0,1,2022-05-21 22:21:47
533.1,40153.8619,1,2022-05-21 22:21:47
533.2,14177.3546,1,2022-05-21 22:21:47
533.3,1817.3104,1,2022-05-21 22:21:47
532.7,5719.9686,0,2022-05-21 22:21:50
532.6,34444.3231,0,2022-05-21 22:21:50
532.5,10068.7616,0,2022-05-21 22:21:50
532.4,34003.918,0,2022-05-21 22:21:50
532.3,58913.6273,0,2022-05-21 22:21:50
532.9,26826.9247,1,2022-05-21 22:21:50
533.0,4555.0,1,2022-05-21 22:21:50
533.1,40153.8619,1,2022-05-21 22:21:50
533.2,14177.3546,1,2022-05-21 22:21:50
533.3,1817.3104,1,2022-05-21 22:21:50
532.7,8615.0757,0,2022-05-21 22:21:52
532.6,34444.3231,0,2022-05-21 22:21:52
532.5,10068.7616,0,2022-05-21 22:21:52
532.4,34003.918,0,2022-05-21 22:21:52
532.3,58913.6273,0,2022-05-21 22:21:52
532.9,26826.9247,1,2022-05-21 22:21:52
533.0,4555.0,1,2022-05-21 22:21:52
533.1,38340.9991,1,2022-05-21 22:21:52
533.2,14026.2136,1,2022-05-21 22:21:52
533.3,1817.3104,1,2022-05-21 22:21:52
532.7,8615.0757,0,2022-05-21 22:21:54
532.6,34444.3231,0,2022-05-21 22:21:54
532.5,10068.7616,0,2022-05-21 22:21:54
532.4,34003.918,0,2022-05-21 22:21:54
532.3,58913.6273,0,2022-05-21 22:21:54
532.9,26826.9247,1,2022-05-21 22:21:54
533.0,4555.0,1,2022-05-21 22:21:54
533.1,38340.9991,1,2022-05-21 22:21:54
533.2,14026.2136,1,2022-05-21 22:21:54
533.3,1817.3104,1,2022-05-21 22:21:54
532.7,8615.0757,0,2022-05-21 22:21:56
532.6,34444.3231,0,2022-05-21 22:21:56
532.5,10068.7616,0,2022-05-21 22:21:56
532.4,34003.918,0,2022-05-21 22:21:56
532.3,58913.6273,0,2022-05-21 22:21:56
532.9,26826.9247,1,2022-05-21 22:21:56
533.0,4555.0,1,2022-05-21 22:21:56
533.1,38340.9991,1,2022-05-21 22:21:56
533.2,14026.2136,1,2022-05-21 22:21:56
533.3,1817.3104,1,2022-05-21 22:21:56
532.7,7527.1753,0,2022-05-21 22:21:58
532.6,34444.3231,0,2022-05-21 22:21:58
532.5,10068.7616,0,2022-05-21 22:21:58
532.4,34003.918,0,2022-05-21 22:21:58
532.3,58913.6273,0,2022-05-21 22:21:58
532.9,26826.9247,1,2022-05-21 22:21:58
533.0,4555.0,1,2022-05-21 22:21:58
533.1,38340.9991,1,2022-05-21 22:21:58
533.2,14026.2136,1,2022-05-21 22:21:58
533.3,1817.3104,1,2022-05-21 22:21:58
532.7,8608.7901,0,2022-05-21 22:22:00
532.6,34444.3231,0,2022-05-21 22:22:00
532.5,10068.7616,0,2022-05-21 22:22:00
532.4,34003.918,0,2022-05-21 22:22:00
532.3,58913.6273,0,2022-05-21 22:22:00
532.9,26826.9247,1,2022-05-21 22:22:00
533.0,4555.0,1,2022-05-21 22:22:00
533.1,38340.9991,1,2022-05-21 22:22:00
533.2,14026.2136,1,2022-05-21 22:22:00
533.3,1817.3104,1,2022-05-21 22:22:00
532.7,4632.0682,0,2022-05-21 22:22:03
532.6,34444.3231,0,2022-05-21 22:22:03
532.5,10068.7616,0,2022-05-21 22:22:03
532.4,34003.918,0,2022-05-21 22:22:03
532.3,58913.6273,0,2022-05-21 22:22:03
532.9,26826.9247,1,2022-05-21 22:22:03
533.0,4555.0,1,2022-05-21 22:22:03
533.1,38340.9991,1,2022-05-21 22:22:03
533.2,14026.2136,1,2022-05-21 22:22:03
533.3,2802.4192,1,2022-05-21 22:22:03
532.7,4632.0682,0,2022-05-21 22:22:05
532.6,34444.3231,0,2022-05-21 22:22:05
532.5,10068.7616,0,2022-05-21 22:22:05
532.4,34003.918,0,2022-05-21 22:22:05
532.3,58913.6273,0,2022-05-21 22:22:05
532.9,26826.9247,1,2022-05-21 22:22:05
533.0,4555.0,1,2022-05-21 22:22:05
533.1,38340.9991,1,2022-05-21 22:22:05
533.2,14026.2136,1,2022-05-21 22:22:05
533.3,2802.4192,1,2022-05-21 22:22:05
532.7,4632.0682,0,2022-05-21 22:22:07
532.6,34444.3231,0,2022-05-21 22:22:07
532.5,10068.7616,0,2022-05-21 22:22:07
532.4,34003.918,0,2022-05-21 22:22:07
532.3,58913.6273,0,2022-05-21 22:22:07
532.9,26826.9247,1,2022-05-21 22:22:07
533.0,4555.0,1,2022-05-21 22:22:07
533.1,38340.9991,1,2022-05-21 22:22:07
533.2,14026.2136,1,2022-05-21 22:22:07
533.3,2802.4192,1,2022-05-21 22:22:07
532.7,8436.985,0,2022-05-21 22:22:09
532.6,34444.3231,0,2022-05-21 22:22:09
532.5,10068.7616,0,2022-05-21 22:22:09
532.4,34003.918,0,2022-05-21 22:22:09
532.3,58913.6273,0,2022-05-21 22:22:09
532.9,26826.9247,1,2022-05-21 22:22:09
533.0,4555.0,1,2022-05-21 22:22:09
533.1,38340.9991,1,2022-05-21 22:22:09
533.2,14026.2136,1,2022-05-21 22:22:09
533.3,2802.4192,1,2022-05-21 22:22:09
532.7,8436.985,0,2022-05-21 22:22:11
532.6,34444.3231,0,2022-05-21 22:22:11
532.5,10068.7616,0,2022-05-21 22:22:11
532.4,34003.918,0,2022-05-21 22:22:11
532.3,58913.6273,0,2022-05-21 22:22:11
532.9,26826.9247,1,2022-05-21 22:22:11
533.0,4555.0,1,2022-05-21 22:22:11
533.1,38340.9991,1,2022-05-21 22:22:11
533.2,14026.2136,1,2022-05-21 22:22:11
533.3,2802.4192,1,2022-05-21 22:22:11
532.7,7410.6017,0,2022-05-21 22:22:14
532.6,34444.3231,0,2022-05-21 22:22:14
532.5,10068.7616,0,2022-05-21 22:22:14
532.4,34003.918,0,2022-05-21 22:22:14
532.3,58913.6273,0,2022-05-21 22:22:14
532.9,26826.9247,1,2022-05-21 22:22:14
533.0,4555.0,1,2022-05-21 22:22:14
533.1,38340.9991,1,2022-05-21 22:22:14
533.2,14026.2136,1,2022-05-21 22:22:14
533.3,2802.4192,1,2022-05-21 22:22:14
532.7,7410.6017,0,2022-05-21 22:22:16
532.6,34444.3231,0,2022-05-21 22:22:16
532.5,10068.7616,0,2022-05-21 22:22:16
532.4,34003.918,0,2022-05-21 22:22:16
532.3,58913.6273,0,2022-05-21 22:22:16
532.9,21026.9754,1,2022-05-21 22:22:16
533.0,4555.0,1,2022-05-21 22:22:16
533.1,38340.9991,1,2022-05-21 22:22:16
533.2,14026.2136,1,2022-05-21 22:22:16
533.3,2802.4192,1,2022-05-21 22:22:16
532.7,7410.6017,0,2022-05-21 22:22:18
532.6,34444.3231,0,2022-05-21 22:22:18
532.5,10068.7616,0,2022-05-21 22:22:18
532.4,34003.918,0,2022-05-21 22:22:18
532.3,58913.6273,0,2022-05-21 22:22:18
532.9,21026.9754,1,2022-05-21 22:22:18
533.0,4555.0,1,2022-05-21 22:22:18
533.1,38340.9991,1,2022-05-21 22:22:18
533.2,14026.2136,1,2022-05-21 22:22:18
533.3,2802.4192,1,2022-05-21 22:22:18
532.6,19399.9016,0,2022-05-21 22:22:20
532.5,10068.7616,0,2022-05-21 22:22:20
532.4,34003.918,0,2022-05-21 22:22:20
532.3,46913.6273,0,2022-05-21 22:22:20
532.2,47636.5075,0,2022-05-21 22:22:20
532.9,25433.9109,1,2022-05-21 22:22:20
533.0,4555.0,1,2022-05-21 22:22:20
533.1,40368.5925,1,2022-05-21 22:22:20
533.2,14176.6419,1,2022-05-21 22:22:20
533.3,2802.4192,1,2022-05-21 22:22:20
532.5,6838.4344,0,2022-05-21 22:22:22
532.4,33852.3413,0,2022-05-21 22:22:22
532.3,9390.1752,0,2022-05-21 22:22:22
532.2,47636.5075,0,2022-05-21 22:22:22
532.1,34950.7403,0,2022-05-21 22:22:22
532.7,15997.0039,1,2022-05-21 22:22:22
532.8,37523.4521,1,2022-05-21 22:22:22
532.9,24461.4867,1,2022-05-21 22:22:22
533.0,7386.2655,1,2022-05-21 22:22:22
533.1,41526.0044,1,2022-05-21 22:22:22
532.5,4295.6775,0,2022-05-21 22:22:24
532.4,33852.3413,0,2022-05-21 22:22:24
532.3,9390.1752,0,2022-05-21 22:22:24
532.2,85159.9596,0,2022-05-21 22:22:24
532.1,34950.7403,0,2022-05-21 22:22:24
532.7,15997.0039,1,2022-05-21 22:22:24
532.8,37523.4521,1,2022-05-21 22:22:24
532.9,26645.5541,1,2022-05-21 22:22:24
533.0,7386.2655,1,2022-05-21 22:22:24
533.1,41526.0044,1,2022-05-21 22:22:24
532.5,4295.6775,0,2022-05-21 22:22:27
532.4,33852.3413,0,2022-05-21 22:22:27
532.3,9390.1752,0,2022-05-21 22:22:27
532.2,85159.9596,0,2022-05-21 22:22:27
532.1,34950.7403,0,2022-05-21 22:22:27
532.7,15997.0039,1,2022-05-21 22:22:27
532.8,37523.4521,1,2022-05-21 22:22:27
532.9,41897.1176,1,2022-05-21 22:22:27
533.0,7386.2655,1,2022-05-21 22:22:27
533.1,41526.0044,1,2022-05-21 22:22:27
532.5,4295.6775,0,2022-05-21 22:22:29
532.4,33852.3413,0,2022-05-21 22:22:29
532.3,9390.1752,0,2022-05-21 22:22:29
532.2,85159.9596,0,2022-05-21 22:22:29
532.1,34950.7403,0,2022-05-21 22:22:29
532.7,15997.0039,1,2022-05-21 22:22:29
532.8,37523.4521,1,2022-05-21 22:22:29
532.9,41897.1176,1,2022-05-21 22:22:29
533.0,7386.2655,1,2022-05-21 22:22:29
533.1,41526.0044,1,2022-05-21 22:22:29
532.5,3427.2175,0,2022-05-21 22:22:31
532.4,33852.3413,0,2022-05-21 22:22:31
532.3,9390.1752,0,2022-05-21 22:22:31
532.2,85159.9596,0,2022-05-21 22:22:31
532.1,34950.7403,0,2022-05-21 22:22:31
532.7,15997.0039,1,2022-05-21 22:22:31
532.8,37523.4521,1,2022-05-21 22:22:31
532.9,41897.1176,1,2022-05-21 22:22:31
533.0,7386.2655,1,2022-05-21 22:22:31
533.1,41526.0044,1,2022-05-21 22:22:31
532.5,3427.2175,0,2022-05-21 22:22:33
532.4,33852.3413,0,2022-05-21 22:22:33
532.3,9390.1752,0,2022-05-21 22:22:33
532.2,85159.9596,0,2022-05-21 22:22:33
532.1,34950.7403,0,2022-05-21 22:22:33
532.7,15997.0039,1,2022-05-21 22:22:33
532.8,37523.4521,1,2022-05-21 22:22:33
532.9,41897.1176,1,2022-05-21 22:22:33
533.0,7386.2655,1,2022-05-21 22:22:33
533.1,41526.0044,1,2022-05-21 22:22:33
532.5,3427.2175,0,2022-05-21 22:22:36
532.4,33852.3413,0,2022-05-21 22:22:36
532.3,9390.1752,0,2022-05-21 22:22:36
532.2,85159.9596,0,2022-05-21 22:22:36
532.1,34950.7403,0,2022-05-21 22:22:36
532.7,15997.0039,1,2022-05-21 22:22:36
532.8,37523.4521,1,2022-05-21 22:22:36
532.9,41897.1176,1,2022-05-21 22:22:36
533.0,7386.2655,1,2022-05-21 22:22:36
533.1,41526.0044,1,2022-05-21 22:22:36
532.5,3427.2175,0,2022-05-21 22:22:38
532.4,33852.3413,0,2022-05-21 22:22:38
532.3,9390.1752,0,2022-05-21 22:22:38
532.2,85159.9596,0,2022-05-21 22:22:38
532.1,34950.7403,0,2022-05-21 22:22:38
532.7,15997.0039,1,2022-05-21 22:22:38
532.8,37523.4521,1,2022-05-21 22:22:38
532.9,41897.1176,1,2022-05-21 22:22:38
533.0,7386.2655,1,2022-05-21 22:22:38
533.1,41526.0044,1,2022-05-21 22:22:38
532.4,33280.5588,0,2022-05-21 22:22:40
532.3,9390.1752,0,2022-05-21 22:22:40
532.2,85159.9596,0,2022-05-21 22:22:40
532.1,34950.7403,0,2022-05-21 22:22:40
532.0,33002.8335,0,2022-05-21 22:22:40
532.7,15997.0039,1,2022-05-21 22:22:40
532.8,37523.4521,1,2022-05-21 22:22:40
532.9,41897.1176,1,2022-05-21 22:22:40
533.0,7386.2655,1,2022-05-21 22:22:40
533.1,41526.0044,1,2022-05-21 22:22:40
532.4,33280.5588,0,2022-05-21 22:22:43
532.3,9390.1752,0,2022-05-21 22:22:43
532.2,85159.9596,0,2022-05-21 22:22:43
532.1,34950.7403,0,2022-05-21 22:22:43
532.0,33002.8335,0,2022-05-21 22:22:43
532.7,15997.0039,1,2022-05-21 22:22:43
532.8,40179.9405,1,2022-05-21 22:22:43
532.9,41897.1176,1,2022-05-21 22:22:43
533.0,7530.6142,1,2022-05-21 22:22:43
533.1,41526.0044,1,2022-05-21 22:22:43
532.4,33280.5588,0,2022-05-21 22:22:45
532.3,9390.1752,0,2022-05-21 22:22:45
532.2,85159.9596,0,2022-05-21 22:22:45
532.1,34950.7403,0,2022-05-21 22:22:45
532.0,33002.8335,0,2022-05-21 22:22:45
532.7,15997.0039,1,2022-05-21 22:22:45
532.8,40179.9405,1,2022-05-21 22:22:45
532.9,41897.1176,1,2022-05-21 22:22:45
533.0,7530.6142,1,2022-05-21 22:22:45
533.1,41526.0044,1,2022-05-21 22:22:45
532.4,33280.5588,0,2022-05-21 22:22:47
532.3,9390.1752,0,2022-05-21 22:22:47
532.2,85159.9596,0,2022-05-21 22:22:47
532.1,34950.7403,0,2022-05-21 22:22:47
532.0,33002.8335,0,2022-05-21 22:22:47
532.7,15997.0039,1,2022-05-21 22:22:47
532.8,40179.9405,1,2022-05-21 22:22:47
532.9,41897.1176,1,2022-05-21 22:22:47
533.0,7530.6142,1,2022-05-21 22:22:47
533.1,41526.0044,1,2022-05-21 22:22:47
532.4,33280.5588,0,2022-05-21 22:22:49
532.3,9390.1752,0,2022-05-21 22:22:49
532.2,85159.9596,0,2022-05-21 22:22:49
532.1,34950.7403,0,2022-05-21 22:22:49
532.0,33002.8335,0,2022-05-21 22:22:49
532.7,15997.0039,1,2022-05-21 22:22:49
532.8,40179.9405,1,2022-05-21 22:22:49
532.9,41897.1176,1,2022-05-21 22:22:49
533.0,7530.6142,1,2022-05-21 22:22:49
533.1,41526.0044,1,2022-05-21 22:22:49
532.4,33280.5588,0,2022-05-21 22:22:51
532.3,9390.1752,0,2022-05-21 22:22:51
532.2,85159.9596,0,2022-05-21 22:22:51
532.1,35921.6801,0,2022-05-21 22:22:51
532.0,33002.8335,0,2022-05-21 22:22:51
532.7,20146.0177,1,2022-05-21 22:22:51
532.8,40179.9405,1,2022-05-21 22:22:51
532.9,41897.1176,1,2022-05-21 22:22:51
533.0,7530.6142,1,2022-05-21 22:22:51
533.1,41526.0044,1,2022-05-21 22:22:51
532.4,33280.5588,0,2022-05-21 22:22:53
532.3,9390.1752,0,2022-05-21 22:22:53
532.2,73005.9717,0,2022-05-21 22:22:53
532.1,23921.6801,0,2022-05-21 22:22:53
532.0,33002.8335,0,2022-05-21 22:22:53
532.7,20146.0177,1,2022-05-21 22:22:53
532.8,40179.9405,1,2022-05-21 22:22:53
532.9,41897.1176,1,2022-05-21 22:22:53
533.0,7530.6142,1,2022-05-21 22:22:53
533.1,41526.0044,1,2022-05-21 22:22:53
532.4,33280.5588,0,2022-05-21 22:22:56
532.3,9390.1752,0,2022-05-21 22:22:56
532.2,73005.9717,0,2022-05-21 22:22:56
532.1,23921.6801,0,2022-05-21 22:22:56
532.0,33002.8335,0,2022-05-21 22:22:56
532.7,20146.0177,1,2022-05-21 22:22:56
532.8,40179.9405,1,2022-05-21 22:22:56
532.9,41897.1176,1,2022-05-21 22:22:56
533.0,7530.6142,1,2022-05-21 22:22:56
533.1,41526.0044,1,2022-05-21 22:22:56
532.4,33280.5588,0,2022-05-21 22:22:58
532.3,9390.1752,0,2022-05-21 22:22:58
532.2,73005.9717,0,2022-05-21 22:22:58
532.1,23921.6801,0,2022-05-21 22:22:58
532.0,33002.8335,0,2022-05-21 22:22:58
532.7,20146.0177,1,2022-05-21 22:22:58
532.8,40179.9405,1,2022-05-21 22:22:58
532.9,41897.1176,1,2022-05-21 22:22:58
533.0,7530.6142,1,2022-05-21 22:22:58
533.1,41526.0044,1,2022-05-21 22:22:58
532.4,33280.5588,0,2022-05-21 22:23:00
532.3,9390.1752,0,2022-05-21 22:23:00
532.2,73005.9717,0,2022-05-21 22:23:00
532.1,23921.6801,0,2022-05-21 22:23:00
532.0,33002.8335,0,2022-05-21 22:23:00
532.7,20146.0177,1,2022-05-21 22:23:00
532.8,40179.9405,1,2022-05-21 22:23:00
532.9,41897.1176,1,2022-05-21 22:23:00
533.0,7530.6142,1,2022-05-21 22:23:00
533.1,41526.0044,1,2022-05-21 22:23:00
532.4,33280.5588,0,2022-05-21 22:23:02
532.3,9390.1752,0,2022-05-21 22:23:02
532.2,73005.9717,0,2022-05-21 22:23:02
532.1,22950.7403,0,2022-05-21 22:23:02
532.0,33002.8335,0,2022-05-21 22:23:02
532.7,20146.0177,1,2022-05-21 22:23:02
532.8,40179.9405,1,2022-05-21 22:23:02
532.9,41897.1176,1,2022-05-21 22:23:02
533.0,7530.6142,1,2022-05-21 22:23:02
533.1,41526.0044,1,2022-05-21 22:23:02
532.4,33280.5588,0,2022-05-21 22:23:04
532.3,9390.1752,0,2022-05-21 22:23:04
532.2,73005.9717,0,2022-05-21 22:23:04
532.1,23921.7663,0,2022-05-21 22:23:04
532.0,33002.8335,0,2022-05-21 22:23:04
532.7,19936.3462,1,2022-05-21 22:23:04
532.8,40179.9405,1,2022-05-21 22:23:04
532.9,41897.1176,1,2022-05-21 22:23:04
533.0,7530.6142,1,2022-05-21 22:23:04
533.1,41526.0044,1,2022-05-21 22:23:04
532.4,33280.5588,0,2022-05-21 22:23:07
532.3,9390.1752,0,2022-05-21 22:23:07
532.2,73005.9717,0,2022-05-21 22:23:07
532.1,11921.7663,0,2022-05-21 22:23:07
532.0,33002.8335,0,2022-05-21 22:23:07
532.7,19936.3462,1,2022-05-21 22:23:07
532.8,40179.9405,1,2022-05-21 22:23:07
532.9,41897.1176,1,2022-05-21 22:23:07
533.0,7530.6142,1,2022-05-21 22:23:07
533.1,41526.0044,1,2022-05-21 22:23:07
532.4,33280.5588,0,2022-05-21 22:23:09
532.3,9390.1752,0,2022-05-21 22:23:09
532.2,73005.9717,0,2022-05-21 22:23:09
532.1,24079.4462,0,2022-05-21 22:23:09
532.0,33002.8335,0,2022-05-21 22:23:09
532.7,19936.3462,1,2022-05-21 22:23:09
532.8,40179.9405,1,2022-05-21 22:23:09
532.9,41897.1176,1,2022-05-21 22:23:09
533.0,3375.6142,1,2022-05-21 22:23:09
533.1,41526.0044,1,2022-05-21 22:23:09
532.4,33280.5588,0,2022-05-21 22:23:11
532.3,9390.1752,0,2022-05-21 22:23:11
532.2,73005.9717,0,2022-05-21 22:23:11
532.1,24079.4462,0,2022-05-21 22:23:11
532.0,33002.8335,0,2022-05-21 22:23:11
532.7,19928.8529,1,2022-05-21 22:23:11
532.8,40179.9405,1,2022-05-21 22:23:11
532.9,41897.1176,1,2022-05-21 22:23:11
533.0,3375.6142,1,2022-05-21 22:23:11
533.1,41526.0044,1,2022-05-21 22:23:11
532.4,33280.5588,0,2022-05-21 22:23:13
532.3,9390.1752,0,2022-05-21 22:23:13
532.2,73005.9717,0,2022-05-21 22:23:13
532.1,24079.4462,0,2022-05-21 22:23:13
532.0,33002.8335,0,2022-05-21 22:23:13
532.7,19928.8529,1,2022-05-21 22:23:13
532.8,40179.9405,1,2022-05-21 22:23:13
532.9,41897.1176,1,2022-05-21 22:23:13
533.0,3375.6142,1,2022-05-21 22:23:13
533.1,41526.0044,1,2022-05-21 22:23:13
532.4,33280.5588,0,2022-05-21 22:23:16
532.3,9390.1752,0,2022-05-21 22:23:16
532.2,73005.9717,0,2022-05-21 22:23:16
532.1,24079.4462,0,2022-05-21 22:23:16
532.0,33002.8335,0,2022-05-21 22:23:16
532.7,19928.8529,1,2022-05-21 22:23:16
532.8,40179.9405,1,2022-05-21 22:23:16
532.9,41897.1176,1,2022-05-21 22:23:16
533.0,3375.6142,1,2022-05-21 22:23:16
533.1,41526.0044,1,2022-05-21 22:23:16
532.4,33280.5588,0,2022-05-21 22:23:18
532.3,9390.1752,0,2022-05-21 22:23:18
532.2,73005.9717,0,2022-05-21 22:23:18
532.1,24079.4462,0,2022-05-21 22:23:18
532.0,33002.8335,0,2022-05-21 22:23:18
532.7,19928.8529,1,2022-05-21 22:23:18
532.8,40179.9405,1,2022-05-21 22:23:18
532.9,41897.1176,1,2022-05-21 22:23:18
533.0,3375.6142,1,2022-05-21 22:23:18
533.1,41526.0044,1,2022-05-21 22:23:18
532.4,33280.5588,0,2022-05-21 22:23:20
532.3,9390.1752,0,2022-05-21 22:23:20
532.2,73005.9717,0,2022-05-21 22:23:20
532.1,24079.4462,0,2022-05-21 22:23:20
532.0,33002.8335,0,2022-05-21 22:23:20
532.7,20727.639,1,2022-05-21 22:23:20
532.8,40179.9405,1,2022-05-21 22:23:20
532.9,41897.1176,1,2022-05-21 22:23:20
533.0,3375.6142,1,2022-05-21 22:23:20
533.1,41526.0044,1,2022-05-21 22:23:20
532.4,33280.5588,0,2022-05-21 22:23:22
532.3,9390.1752,0,2022-05-21 22:23:22
532.2,73005.9717,0,2022-05-21 22:23:22
532.1,24079.4462,0,2022-05-21 22:23:22
532.0,33002.8335,0,2022-05-21 22:23:22
532.7,20727.639,1,2022-05-21 22:23:22
532.8,40179.9405,1,2022-05-21 22:23:22
532.9,41897.1176,1,2022-05-21 22:23:22
533.0,3375.6142,1,2022-05-21 22:23:22
533.1,41526.0044,1,2022-05-21 22:23:22
532.4,35242.9483,0,2022-05-21 22:23:24
532.3,9390.1752,0,2022-05-21 22:23:24
532.2,73005.9717,0,2022-05-21 22:23:24
532.1,24079.4462,0,2022-05-21 22:23:24
532.0,33002.8335,0,2022-05-21 22:23:24
532.7,20727.639,1,2022-05-21 22:23:24
532.8,40179.9405,1,2022-05-21 22:23:24
532.9,41897.1176,1,2022-05-21 22:23:24
533.0,3375.6142,1,2022-05-21 22:23:24
533.1,41526.0044,1,2022-05-21 22:23:24
532.4,35242.9483,0,2022-05-21 22:23:27
532.3,9390.1752,0,2022-05-21 22:23:27
532.2,73005.9717,0,2022-05-21 22:23:27
532.1,24079.4462,0,2022-05-21 22:23:27
532.0,33002.8335,0,2022-05-21 22:23:27
532.7,20727.639,1,2022-05-21 22:23:27
532.8,40179.9405,1,2022-05-21 22:23:27
532.9,41897.1176,1,2022-05-21 22:23:27
533.0,3375.6142,1,2022-05-21 22:23:27
533.1,41526.0044,1,2022-05-21 22:23:27
532.4,36179.9262,0,2022-05-21 22:23:29
532.3,9390.1752,0,2022-05-21 22:23:29
532.2,73005.9717,0,2022-05-21 22:23:29
532.1,24079.4462,0,2022-05-21 22:23:29
532.0,33002.8335,0,2022-05-21 22:23:29
532.7,20727.639,1,2022-05-21 22:23:29
532.8,40179.9405,1,2022-05-21 22:23:29
532.9,41897.1176,1,2022-05-21 22:23:29
533.0,3375.6142,1,2022-05-21 22:23:29
533.1,41526.0044,1,2022-05-21 22:23:29
532.4,36179.9262,0,2022-05-21 22:23:31
532.3,9390.1752,0,2022-05-21 22:23:31
532.2,73005.9717,0,2022-05-21 22:23:31
532.1,23108.4202,0,2022-05-21 22:23:31
532.0,33002.8335,0,2022-05-21 22:23:31
532.7,20727.639,1,2022-05-21 22:23:31
532.8,40179.9405,1,2022-05-21 22:23:31
532.9,41897.1176,1,2022-05-21 22:23:31
533.0,3375.6142,1,2022-05-21 22:23:31
533.1,41526.0044,1,2022-05-21 22:23:31
532.4,36179.9262,0,2022-05-21 22:23:33
532.3,9390.1752,0,2022-05-21 22:23:33
532.2,73005.9717,0,2022-05-21 22:23:33
532.1,23108.4202,0,2022-05-21 22:23:33
532.0,33002.8335,0,2022-05-21 22:23:33
532.7,20727.639,1,2022-05-21 22:23:33
532.8,40179.9405,1,2022-05-21 22:23:33
532.9,41897.1176,1,2022-05-21 22:23:33
533.0,3375.6142,1,2022-05-21 22:23:33
533.1,41526.0044,1,2022-05-21 22:23:33
532.4,36179.9262,0,2022-05-21 22:23:35
532.3,9390.1752,0,2022-05-21 22:23:35
532.2,73005.9717,0,2022-05-21 22:23:35
532.1,23108.4202,0,2022-05-21 22:23:35
532.0,33002.8335,0,2022-05-21 22:23:35
532.7,20727.639,1,2022-05-21 22:23:35
532.8,40179.9405,1,2022-05-21 22:23:35
532.9,41897.1176,1,2022-05-21 22:23:35
533.0,3375.6142,1,2022-05-21 22:23:35
533.1,41526.0044,1,2022-05-21 22:23:35
532.7,17466.9912,0,2022-05-21 22:23:37
532.6,1076.2695,0,2022-05-21 22:23:37
532.5,7996.517,0,2022-05-21 22:23:37
532.4,36179.9262,0,2022-05-21 22:23:37
532.3,9390.1752,0,2022-05-21 22:23:37
533.0,400.0,1,2022-05-21 22:23:37
533.1,40368.5925,1,2022-05-21 22:23:37
533.2,2912.6419,1,2022-05-21 22:23:37
533.3,6957.4192,1,2022-05-21 22:23:37
533.4,156.7717,1,2022-05-21 22:23:37
532.7,13317.9774,0,2022-05-21 22:23:40
532.5,4549.311,0,2022-05-21 22:23:40
532.4,36322.8928,0,2022-05-21 22:23:40
532.3,9390.1752,0,2022-05-21 22:23:40
532.2,35482.5196,0,2022-05-21 22:23:40
532.9,37523.4521,1,2022-05-21 22:23:40
533.0,400.0,1,2022-05-21 22:23:40
533.1,40368.5925,1,2022-05-21 22:23:40
533.2,2912.6419,1,2022-05-21 22:23:40
533.3,6957.4192,1,2022-05-21 22:23:40
532.7,13317.9774,0,2022-05-21 22:23:42
532.5,4549.311,0,2022-05-21 22:23:42
532.4,36322.8928,0,2022-05-21 22:23:42
532.3,46913.6273,0,2022-05-21 22:23:42
532.2,35482.5196,0,2022-05-21 22:23:42
532.9,37523.4521,1,2022-05-21 22:23:42
533.0,400.0,1,2022-05-21 22:23:42
533.1,40368.5925,1,2022-05-21 22:23:42
533.2,2912.6419,1,2022-05-21 22:23:42
533.3,6957.4192,1,2022-05-21 22:23:42
532.7,13317.9774,0,2022-05-21 22:23:44
532.5,16703.2946,0,2022-05-21 22:23:44
532.4,36322.8928,0,2022-05-21 22:23:44
532.3,46913.6273,0,2022-05-21 22:23:44
532.2,35482.5196,0,2022-05-21 22:23:44
532.9,37523.4521,1,2022-05-21 22:23:44
533.0,400.0,1,2022-05-21 22:23:44
533.1,40368.5925,1,2022-05-21 22:23:44
533.2,2912.6419,1,2022-05-21 22:23:44
533.3,6957.4192,1,2022-05-21 22:23:44
532.7,13317.9774,0,2022-05-21 22:23:46
532.5,16703.2946,0,2022-05-21 22:23:46
532.4,36322.8928,0,2022-05-21 22:23:46
532.3,46913.6273,0,2022-05-21 22:23:46
532.2,35482.5196,0,2022-05-21 22:23:46
532.9,37523.4521,1,2022-05-21 22:23:46
533.0,400.0,1,2022-05-21 22:23:46
533.1,40368.5925,1,2022-05-21 22:23:46
533.2,2912.6419,1,2022-05-21 22:23:46
533.3,6957.4192,1,2022-05-21 22:23:46
532.7,10659.0905,0,2022-05-21 22:23:48
532.5,17698.2473,0,2022-05-21 22:23:48
532.4,36322.8928,0,2022-05-21 22:23:48
532.3,46913.6273,0,2022-05-21 22:23:48
532.2,35482.5196,0,2022-05-21 22:23:48
532.9,37523.4521,1,2022-05-21 22:23:48
533.0,400.0,1,2022-05-21 22:23:48
533.1,40368.5925,1,2022-05-21 22:23:48
533.2,2912.6419,1,2022-05-21 22:23:48
533.3,6957.4192,1,2022-05-21 22:23:48
532.5,17698.2473,0,2022-05-21 22:23:51
532.4,36322.8928,0,2022-05-21 22:23:51
532.3,46913.6273,0,2022-05-21 22:23:51
532.2,35482.5196,0,2022-05-21 22:23:51
532.1,47108.4202,0,2022-05-21 22:23:51
532.9,37523.4521,1,2022-05-21 22:23:51
533.0,400.0,1,2022-05-21 22:23:51
533.1,40368.5925,1,2022-05-21 22:23:51
533.2,2912.6419,1,2022-05-21 22:23:51
533.3,6957.4192,1,2022-05-21 22:23:51
532.5,22323.606,0,2022-05-21 22:23:53
532.4,36322.8928,0,2022-05-21 22:23:53
532.3,46913.6273,0,2022-05-21 22:23:53
532.2,35482.5196,0,2022-05-21 22:23:53
532.1,47108.4202,0,2022-05-21 22:23:53
532.9,37523.4521,1,2022-05-21 22:23:53
533.0,400.0,1,2022-05-21 22:23:53
533.1,40368.5925,1,2022-05-21 22:23:53
533.2,2912.6419,1,2022-05-21 22:23:53
533.3,6957.4192,1,2022-05-21 22:23:53
532.5,22323.606,0,2022-05-21 22:23:55
532.4,36322.8928,0,2022-05-21 22:23:55
532.3,46913.6273,0,2022-05-21 22:23:55
532.2,35482.5196,0,2022-05-21 22:23:55
532.1,47108.4202,0,2022-05-21 22:23:55
532.9,37523.4521,1,2022-05-21 22:23:55
533.0,400.0,1,2022-05-21 22:23:55
533.1,40368.5925,1,2022-05-21 22:23:55
533.2,2912.6419,1,2022-05-21 22:23:55
533.3,6957.4192,1,2022-05-21 22:23:55
532.6,13519.1615,0,2022-05-21 22:23:57
532.5,22323.606,0,2022-05-21 22:23:57
532.4,36322.8928,0,2022-05-21 22:23:57
532.3,46913.6273,0,2022-05-21 22:23:57
532.2,35482.5196,0,2022-05-21 22:23:57
532.9,37468.4521,1,2022-05-21 22:23:57
533.0,400.0,1,2022-05-21 22:23:57
533.1,40368.5925,1,2022-05-21 22:23:57
533.2,2912.6419,1,2022-05-21 22:23:57
533.3,6957.4192,1,2022-05-21 22:23:57
532.6,13519.1615,0,2022-05-21 22:23:59
532.5,22323.606,0,2022-05-21 22:23:59
532.4,36322.8928,0,2022-05-21 22:23:59
532.3,46913.6273,0,2022-05-21 22:23:59
532.2,35482.5196,0,2022-05-21 22:23:59
532.9,37594.0592,1,2022-05-21 22:23:59
533.0,400.0,1,2022-05-21 22:23:59
533.1,40368.5925,1,2022-05-21 22:23:59
533.2,2912.6419,1,2022-05-21 22:23:59
533.3,6957.4192,1,2022-05-21 22:23:59
532.5,19336.5993,0,2022-05-21 22:24:01
532.4,36179.9262,0,2022-05-21 22:24:01
532.3,46913.6273,0,2022-05-21 22:24:01
532.2,35482.5196,0,2022-05-21 22:24:01
532.1,47108.4202,0,2022-05-21 22:24:01
532.8,53393.7149,1,2022-05-21 22:24:01
532.9,22342.4173,1,2022-05-21 22:24:01
533.0,3205.8579,1,2022-05-21 22:24:01
533.1,41422.9375,1,2022-05-21 22:24:01
533.2,2912.6419,1,2022-05-21 22:24:01
532.5,20381.9704,0,2022-05-21 22:24:04
532.4,36179.9262,0,2022-05-21 22:24:04
532.3,46913.6273,0,2022-05-21 22:24:04
532.2,35482.5196,0,2022-05-21 22:24:04
532.1,47108.4202,0,2022-05-21 22:24:04
532.8,37094.9045,1,2022-05-21 22:24:04
532.9,22342.4173,1,2022-05-21 22:24:04
533.0,3205.8579,1,2022-05-21 22:24:04
533.1,40368.5925,1,2022-05-21 22:24:04
533.2,2912.6419,1,2022-05-21 22:24:04
532.5,19923.9704,0,2022-05-21 22:24:06
532.4,36179.9262,0,2022-05-21 22:24:06
532.3,46913.6273,0,2022-05-21 22:24:06
532.2,35482.5196,0,2022-05-21 22:24:06
532.1,47108.4202,0,2022-05-21 22:24:06
532.8,37094.9045,1,2022-05-21 22:24:06
532.9,22342.4173,1,2022-05-21 22:24:06
533.0,3205.8579,1,2022-05-21 22:24:06
533.1,40368.5925,1,2022-05-21 22:24:06
533.2,2912.6419,1,2022-05-21 22:24:06
532.5,19923.9704,0,2022-05-21 22:24:08
532.4,36179.9262,0,2022-05-21 22:24:08
532.3,46913.6273,0,2022-05-21 22:24:08
532.2,35482.5196,0,2022-05-21 22:24:08
532.1,47108.4202,0,2022-05-21 22:24:08
532.8,37094.9045,1,2022-05-21 22:24:08
532.9,22342.4173,1,2022-05-21 22:24:08
533.0,3205.8579,1,2022-05-21 22:24:08
533.1,40368.5925,1,2022-05-21 22:24:08
533.2,2912.6419,1,2022-05-21 22:24:08
532.5,19923.9704,0,2022-05-21 22:24:10
532.4,36179.9262,0,2022-05-21 22:24:10
532.3,46913.6273,0,2022-05-21 22:24:10
532.2,35482.5196,0,2022-05-21 22:24:10
532.1,47108.4202,0,2022-05-21 22:24:10
532.8,37094.9045,1,2022-05-21 22:24:10
532.9,22342.4173,1,2022-05-21 22:24:10
533.0,3205.8579,1,2022-05-21 22:24:10
533.1,40368.5925,1,2022-05-21 22:24:10
533.2,2912.6419,1,2022-05-21 22:24:10
532.5,19923.9704,0,2022-05-21 22:24:12
532.4,36179.9262,0,2022-05-21 22:24:12
532.3,46913.6273,0,2022-05-21 22:24:12
532.2,35482.5196,0,2022-05-21 22:24:12
532.1,47108.4202,0,2022-05-21 22:24:12
532.8,37094.9045,1,2022-05-21 22:24:12
532.9,22342.4173,1,2022-05-21 22:24:12
533.0,3205.8579,1,2022-05-21 22:24:12
533.1,40368.5925,1,2022-05-21 22:24:12
533.2,2912.6419,1,2022-05-21 22:24:12
532.5,19923.9704,0,2022-05-21 22:24:15
532.4,36179.9262,0,2022-05-21 22:24:15
532.3,46913.6273,0,2022-05-21 22:24:15
532.2,35482.5196,0,2022-05-21 22:24:15
532.1,47108.4202,0,2022-05-21 22:24:15
532.8,37094.9045,1,2022-05-21 22:24:15
532.9,37435.9736,1,2022-05-21 22:24:15
533.0,3205.8579,1,2022-05-21 22:24:15
533.1,40368.5925,1,2022-05-21 22:24:15
533.2,2912.6419,1,2022-05-21 22:24:15
532.5,19923.9704,0,2022-05-21 22:24:17
532.4,36179.9262,0,2022-05-21 22:24:17
532.3,46913.6273,0,2022-05-21 22:24:17
532.2,35482.5196,0,2022-05-21 22:24:17
532.1,47108.4202,0,2022-05-21 22:24:17
532.8,37094.9045,1,2022-05-21 22:24:17
532.9,37435.9736,1,2022-05-21 22:24:17
533.0,3205.8579,1,2022-05-21 22:24:17
533.1,40368.5925,1,2022-05-21 22:24:17
533.2,2912.6419,1,2022-05-21 22:24:17
532.5,19923.9704,0,2022-05-21 22:24:19
532.4,36179.9262,0,2022-05-21 22:24:19
532.3,46913.6273,0,2022-05-21 22:24:19
532.2,35482.5196,0,2022-05-21 22:24:19
532.1,47108.4202,0,2022-05-21 22:24:19
532.8,37094.9045,1,2022-05-21 22:24:19
532.9,37435.9736,1,2022-05-21 22:24:19
533.0,3205.8579,1,2022-05-21 22:24:19
533.1,40368.5925,1,2022-05-21 22:24:19
533.2,2912.6419,1,2022-05-21 22:24:19
532.3,46913.6273,0,2022-05-21 22:24:21
532.2,35482.5196,0,2022-05-21 22:24:21
532.1,47108.4202,0,2022-05-21 22:24:21
532.0,33002.8335,0,2022-05-21 22:24:21
531.9,22045.7122,0,2022-05-21 22:24:21
532.4,150391.3165,1,2022-05-21 22:24:21
532.8,37094.9045,1,2022-05-21 22:24:21
532.9,37435.9736,1,2022-05-21 22:24:21
533.0,3205.8579,1,2022-05-21 22:24:21
533.1,40368.5925,1,2022-05-21 22:24:21
532.3,22430.1663,0,2022-05-21 22:24:23
532.2,35340.0547,0,2022-05-21 22:24:23
532.1,34950.7403,0,2022-05-21 22:24:23
532.0,33002.8335,0,2022-05-21 22:24:23
531.9,22045.7122,0,2022-05-21 22:24:23
532.4,55766.5364,1,2022-05-21 22:24:23
532.6,37523.4521,1,2022-05-21 22:24:23
532.7,25013.2759,1,2022-05-21 22:24:23
532.8,2670.8636,1,2022-05-21 22:24:23
532.9,39354.7818,1,2022-05-21 22:24:23
532.5,3433.0,0,2022-05-21 22:24:26
532.4,37414.8302,0,2022-05-21 22:24:26
532.3,20534.4275,0,2022-05-21 22:24:26
532.2,35340.0547,0,2022-05-21 22:24:26
532.1,29175.1532,0,2022-05-21 22:24:26
532.7,4637.4703,1,2022-05-21 22:24:26
532.8,40194.3157,1,2022-05-21 22:24:26
532.9,40519.7791,1,2022-05-21 22:24:26
533.0,3348.2107,1,2022-05-21 22:24:26
533.1,41393.8668,1,2022-05-21 22:24:26
532.5,3433.0,0,2022-05-21 22:24:28
532.3,20534.4275,0,2022-05-21 22:24:28
532.2,72863.5068,0,2022-05-21 22:24:28
532.1,29175.1532,0,2022-05-21 22:24:28
532.0,33002.8335,0,2022-05-21 22:24:28
532.7,4637.4703,1,2022-05-21 22:24:28
532.8,40194.3157,1,2022-05-21 22:24:28
532.9,40519.7791,1,2022-05-21 22:24:28
533.0,3348.2107,1,2022-05-21 22:24:28
533.1,41393.8668,1,2022-05-21 22:24:28
532.5,3433.0,0,2022-05-21 22:24:30
532.3,20534.4275,0,2022-05-21 22:24:30
532.2,72863.5068,0,2022-05-21 22:24:30
532.1,29175.1532,0,2022-05-21 22:24:30
532.0,33002.8335,0,2022-05-21 22:24:30
532.7,4637.4703,1,2022-05-21 22:24:30
532.8,40194.3157,1,2022-05-21 22:24:30
532.9,40519.7791,1,2022-05-21 22:24:30
533.0,3348.2107,1,2022-05-21 22:24:30
533.1,41393.8668,1,2022-05-21 22:24:30
532.5,3433.0,0,2022-05-21 22:24:32
532.3,20534.4275,0,2022-05-21 22:24:32
532.2,72863.5068,0,2022-05-21 22:24:32
532.1,29175.1532,0,2022-05-21 22:24:32
532.0,33002.8335,0,2022-05-21 22:24:32
532.7,4637.4703,1,2022-05-21 22:24:32
532.8,40194.3157,1,2022-05-21 22:24:32
532.9,40519.7791,1,2022-05-21 22:24:32
533.0,3348.2107,1,2022-05-21 22:24:32
533.1,41393.8668,1,2022-05-21 22:24:32
532.5,3433.0,0,2022-05-21 22:24:34
532.3,20534.4275,0,2022-05-21 22:24:34
532.2,35340.0547,0,2022-05-21 22:24:34
532.1,66698.6053,0,2022-05-21 22:24:34
532.0,33002.8335,0,2022-05-21 22:24:34
532.7,4637.4703,1,2022-05-21 22:24:34
532.8,40194.3157,1,2022-05-21 22:24:34
532.9,40519.7791,1,2022-05-21 22:24:34
533.0,3348.2107,1,2022-05-21 22:24:34
533.1,41393.8668,1,2022-05-21 22:24:34
532.4,4.2868,0,2022-05-21 22:24:36
532.3,20534.4275,0,2022-05-21 22:24:36
532.2,35491.9281,0,2022-05-21 22:24:36
532.1,54698.6053,0,2022-05-21 22:24:36
532.0,33002.8335,0,2022-05-21 22:24:36
532.7,3526.4703,1,2022-05-21 22:24:36
532.8,40194.3157,1,2022-05-21 22:24:36
532.9,40519.7791,1,2022-05-21 22:24:36
533.0,3348.2107,1,2022-05-21 22:24:36
533.1,41393.8668,1,2022-05-21 22:24:36
532.4,4.2868,0,2022-05-21 22:24:39
532.3,20534.4275,0,2022-05-21 22:24:39
532.2,35491.9281,0,2022-05-21 22:24:39
532.1,54698.6053,0,2022-05-21 22:24:39
532.0,33002.8335,0,2022-05-21 22:24:39
532.7,3526.4703,1,2022-05-21 22:24:39
532.8,40194.3157,1,2022-05-21 22:24:39
532.9,40519.7791,1,2022-05-21 22:24:39
533.0,3348.2107,1,2022-05-21 22:24:39
533.1,41393.8668,1,2022-05-21 22:24:39
532.4,4.2868,0,2022-05-21 22:24:41
532.3,20534.4275,0,2022-05-21 22:24:41
532.2,35491.9281,0,2022-05-21 22:24:41
532.1,54698.6053,0,2022-05-21 22:24:41
532.0,33002.8335,0,2022-05-21 22:24:41
532.7,3526.4703,1,2022-05-21 22:24:41
532.8,40194.3157,1,2022-05-21 22:24:41
532.9,40519.7791,1,2022-05-21 22:24:41
533.0,3348.2107,1,2022-05-21 22:24:41
533.1,41393.8668,1,2022-05-21 22:24:41
532.4,4.2868,0,2022-05-21 22:24:43
532.3,20534.4275,0,2022-05-21 22:24:43
532.2,35491.9281,0,2022-05-21 22:24:43
532.1,54698.6053,0,2022-05-21 22:24:43
532.0,33002.8335,0,2022-05-21 22:24:43
532.7,3526.4703,1,2022-05-21 22:24:43
532.8,40194.3157,1,2022-05-21 22:24:43
532.9,40519.7791,1,2022-05-21 22:24:43
533.0,3348.2107,1,2022-05-21 22:24:43
533.1,41393.8668,1,2022-05-21 22:24:43
532.4,4.2868,0,2022-05-21 22:24:45
532.3,20534.4275,0,2022-05-21 22:24:45
532.2,35491.9281,0,2022-05-21 22:24:45
532.1,54698.6053,0,2022-05-21 22:24:45
532.0,33002.8335,0,2022-05-21 22:24:45
532.7,4553.1844,1,2022-05-21 22:24:45
532.8,40194.3157,1,2022-05-21 22:24:45
532.9,40519.7791,1,2022-05-21 22:24:45
533.0,3348.2107,1,2022-05-21 22:24:45
533.1,41393.8668,1,2022-05-21 22:24:45
532.4,4.2868,0,2022-05-21 22:24:47
532.3,20534.4275,0,2022-05-21 22:24:47
532.2,35491.9281,0,2022-05-21 22:24:47
532.1,54698.6053,0,2022-05-21 22:24:47
532.0,33002.8335,0,2022-05-21 22:24:47
532.7,4553.1844,1,2022-05-21 22:24:47
532.8,40194.3157,1,2022-05-21 22:24:47
532.9,40519.7791,1,2022-05-21 22:24:47
533.0,3348.2107,1,2022-05-21 22:24:47
533.1,41393.8668,1,2022-05-21 22:24:47
532.4,4.2868,0,2022-05-21 22:24:49
532.3,20534.4275,0,2022-05-21 22:24:49
532.2,73015.3802,0,2022-05-21 22:24:49
532.1,17175.1532,0,2022-05-21 22:24:49
532.0,33002.8335,0,2022-05-21 22:24:49
532.7,4553.1844,1,2022-05-21 22:24:49
532.8,40194.3157,1,2022-05-21 22:24:49
532.9,40519.7791,1,2022-05-21 22:24:49
533.0,3348.2107,1,2022-05-21 22:24:49
533.1,41393.8668,1,2022-05-21 22:24:49
532.4,4.2868,0,2022-05-21 22:24:52
532.3,20534.4275,0,2022-05-21 22:24:52
532.2,73015.3802,0,2022-05-21 22:24:52
532.1,17175.1532,0,2022-05-21 22:24:52
532.0,33002.8335,0,2022-05-21 22:24:52
532.7,4553.1844,1,2022-05-21 22:24:52
532.8,40194.3157,1,2022-05-21 22:24:52
532.9,40519.7791,1,2022-05-21 22:24:52
533.0,3348.2107,1,2022-05-21 22:24:52
533.1,41393.8668,1,2022-05-21 22:24:52
532.4,4.2868,0,2022-05-21 22:24:54
532.3,20534.4275,0,2022-05-21 22:24:54
532.2,73015.3802,0,2022-05-21 22:24:54
532.1,17175.1532,0,2022-05-21 22:24:54
532.0,33002.8335,0,2022-05-21 22:24:54
532.7,4553.1844,1,2022-05-21 22:24:54
532.8,40194.3157,1,2022-05-21 22:24:54
532.9,40519.7791,1,2022-05-21 22:24:54
533.0,3348.2107,1,2022-05-21 22:24:54
533.1,41393.8668,1,2022-05-21 22:24:54
532.4,4.2868,0,2022-05-21 22:24:56
532.3,20534.4275,0,2022-05-21 22:24:56
532.2,73015.3802,0,2022-05-21 22:24:56
532.1,17175.1532,0,2022-05-21 22:24:56
532.0,33002.8335,0,2022-05-21 22:24:56
532.7,4553.1844,1,2022-05-21 22:24:56
532.8,40194.3157,1,2022-05-21 22:24:56
532.9,40519.7791,1,2022-05-21 22:24:56
533.0,3348.2107,1,2022-05-21 22:24:56
533.1,41393.8668,1,2022-05-21 22:24:56
532.4,4.2868,0,2022-05-21 22:24:58
532.3,20534.4275,0,2022-05-21 22:24:58
532.2,35491.9281,0,2022-05-21 22:24:58
532.1,5175.1532,0,2022-05-21 22:24:58
532.0,33002.8335,0,2022-05-21 22:24:58
532.7,3526.4703,1,2022-05-21 22:24:58
532.8,40194.3157,1,2022-05-21 22:24:58
532.9,40519.7791,1,2022-05-21 22:24:58
533.0,3348.2107,1,2022-05-21 22:24:58
533.1,41393.8668,1,2022-05-21 22:24:58
532.4,4.2868,0,2022-05-21 22:25:00
532.3,20534.4275,0,2022-05-21 22:25:00
532.2,36462.4214,0,2022-05-21 22:25:00
532.1,42698.6053,0,2022-05-21 22:25:00
532.0,33002.8335,0,2022-05-21 22:25:00
532.7,3526.4703,1,2022-05-21 22:25:00
532.8,40194.3157,1,2022-05-21 22:25:00
532.9,40519.7791,1,2022-05-21 22:25:00
533.0,3348.2107,1,2022-05-21 22:25:00
533.1,41393.8668,1,2022-05-21 22:25:00
532.4,4.2868,0,2022-05-21 22:25:03
532.3,18395.1813,0,2022-05-21 22:25:03
532.2,36462.4214,0,2022-05-21 22:25:03
532.1,42698.6053,0,2022-05-21 22:25:03
532.0,33002.8335,0,2022-05-21 22:25:03
532.6,27439.5026,1,2022-05-21 22:25:03
532.7,4624.7333,1,2022-05-21 22:25:03
532.8,40194.3157,1,2022-05-21 22:25:03
532.9,40519.7791,1,2022-05-21 22:25:03
533.0,3348.2107,1,2022-05-21 22:25:03
532.4,4.2868,0,2022-05-21 22:25:05
532.3,18395.1813,0,2022-05-21 22:25:05
532.2,36462.4214,0,2022-05-21 22:25:05
532.1,42698.6053,0,2022-05-21 22:25:05
532.0,37157.8335,0,2022-05-21 22:25:05
532.6,27142.5026,1,2022-05-21 22:25:05
532.7,4624.7333,1,2022-05-21 22:25:05
532.8,40194.3157,1,2022-05-21 22:25:05
532.9,40519.7791,1,2022-05-21 22:25:05
533.0,3348.2107,1,2022-05-21 22:25:05
532.4,4.2868,0,2022-05-21 22:25:07
532.3,18395.1813,0,2022-05-21 22:25:07
532.2,36462.4214,0,2022-05-21 22:25:07
532.1,42698.6053,0,2022-05-21 22:25:07
532.0,37157.8335,0,2022-05-21 22:25:07
532.6,27142.5026,1,2022-05-21 22:25:07
532.7,4624.7333,1,2022-05-21 22:25:07
532.8,40194.3157,1,2022-05-21 22:25:07
532.9,40519.7791,1,2022-05-21 22:25:07
533.0,3348.2107,1,2022-05-21 22:25:07
532.4,4.2868,0,2022-05-21 22:25:09
532.3,18395.1813,0,2022-05-21 22:25:09
532.2,36462.4214,0,2022-05-21 22:25:09
532.1,42698.6053,0,2022-05-21 22:25:09
532.0,37157.8335,0,2022-05-21 22:25:09
532.6,27142.5026,1,2022-05-21 22:25:09
532.7,4624.7333,1,2022-05-21 22:25:09
532.8,40194.3157,1,2022-05-21 22:25:09
532.9,40519.7791,1,2022-05-21 22:25:09
533.0,3348.2107,1,2022-05-21 22:25:09
532.4,4.2868,0,2022-05-21 22:25:11
532.3,22597.21,0,2022-05-21 22:25:11
532.2,35491.9281,0,2022-05-21 22:25:11
532.1,42698.6053,0,2022-05-21 22:25:11
532.0,37157.8335,0,2022-05-21 22:25:11
532.6,27142.5026,1,2022-05-21 22:25:11
532.7,4624.7333,1,2022-05-21 22:25:11
532.8,40194.3157,1,2022-05-21 22:25:11
532.9,40519.7791,1,2022-05-21 22:25:11
533.0,3348.2107,1,2022-05-21 22:25:11
532.5,220.0,0,2022-05-21 22:25:14
532.4,4.2868,0,2022-05-21 22:25:14
532.3,22597.21,0,2022-05-21 22:25:14
532.2,36462.4392,0,2022-05-21 22:25:14
532.1,42698.6053,0,2022-05-21 22:25:14
532.6,27142.5026,1,2022-05-21 22:25:14
532.7,4624.7333,1,2022-05-21 22:25:14
532.8,40194.3157,1,2022-05-21 22:25:14
532.9,40519.7791,1,2022-05-21 22:25:14
533.0,3348.2107,1,2022-05-21 22:25:14
532.5,220.0,0,2022-05-21 22:25:16
532.4,4.2868,0,2022-05-21 22:25:16
532.3,22597.21,0,2022-05-21 22:25:16
532.2,36462.4392,0,2022-05-21 22:25:16
532.1,42698.6053,0,2022-05-21 22:25:16
532.6,27142.5026,1,2022-05-21 22:25:16
532.7,4624.7333,1,2022-05-21 22:25:16
532.8,40194.3157,1,2022-05-21 22:25:16
532.9,40519.7791,1,2022-05-21 22:25:16
533.0,3348.2107,1,2022-05-21 22:25:16
532.5,220.0,0,2022-05-21 22:25:18
532.4,4.2868,0,2022-05-21 22:25:18
532.3,22597.21,0,2022-05-21 22:25:18
532.2,36462.4392,0,2022-05-21 22:25:18
532.1,42698.6053,0,2022-05-21 22:25:18
532.6,26735.2626,1,2022-05-21 22:25:18
532.7,4624.7333,1,2022-05-21 22:25:18
532.8,40194.3157,1,2022-05-21 22:25:18
532.9,40519.7791,1,2022-05-21 22:25:18
533.0,3348.2107,1,2022-05-21 22:25:18
532.5,220.0,0,2022-05-21 22:25:20
532.4,4.2868,0,2022-05-21 22:25:20
532.3,22597.21,0,2022-05-21 22:25:20
532.2,36462.4392,0,2022-05-21 22:25:20
532.1,42698.6053,0,2022-05-21 22:25:20
532.6,26735.2626,1,2022-05-21 22:25:20
532.7,4624.7333,1,2022-05-21 22:25:20
532.8,40194.3157,1,2022-05-21 22:25:20
532.9,40519.7791,1,2022-05-21 22:25:20
533.0,3348.2107,1,2022-05-21 22:25:20
532.5,220.0,0,2022-05-21 22:25:22
532.4,4.2868,0,2022-05-21 22:25:22
532.3,22597.21,0,2022-05-21 22:25:22
532.2,36462.4392,0,2022-05-21 22:25:22
532.1,42698.6053,0,2022-05-21 22:25:22
532.6,26735.2626,1,2022-05-21 22:25:22
532.7,4624.7333,1,2022-05-21 22:25:22
532.8,40194.3157,1,2022-05-21 22:25:22
532.9,40519.7791,1,2022-05-21 22:25:22
533.0,3348.2107,1,2022-05-21 22:25:22
532.5,220.0,0,2022-05-21 22:25:24
532.4,4.2868,0,2022-05-21 22:25:24
532.3,22597.21,0,2022-05-21 22:25:24
532.2,35491.9281,0,2022-05-21 22:25:24
532.1,42698.6053,0,2022-05-21 22:25:24
532.6,23094.7526,1,2022-05-21 22:25:24
532.7,4624.7333,1,2022-05-21 22:25:24
532.8,40194.3157,1,2022-05-21 22:25:24
532.9,40519.7791,1,2022-05-21 22:25:24
533.0,3348.2107,1,2022-05-21 22:25:24
532.5,220.0,0,2022-05-21 22:25:27
532.4,4.2868,0,2022-05-21 22:25:27
532.3,5202.0287,0,2022-05-21 22:25:27
532.2,35340.0547,0,2022-05-21 22:25:27
532.1,6145.6539,0,2022-05-21 22:25:27
532.6,39489.7702,1,2022-05-21 22:25:27
532.7,23523.8086,1,2022-05-21 22:25:27
532.8,40194.3157,1,2022-05-21 22:25:27
532.9,40519.7791,1,2022-05-21 22:25:27
533.0,3348.2107,1,2022-05-21 22:25:27
532.5,220.0,0,2022-05-21 22:25:29
532.4,4.2868,0,2022-05-21 22:25:29
532.3,5202.0287,0,2022-05-21 22:25:29
532.2,35340.0547,0,2022-05-21 22:25:29
532.1,6145.6539,0,2022-05-21 22:25:29
532.6,25621.914,1,2022-05-21 22:25:29
532.7,23523.8086,1,2022-05-21 22:25:29
532.8,40194.3157,1,2022-05-21 22:25:29
532.9,40519.7791,1,2022-05-21 22:25:29
533.0,3348.2107,1,2022-05-21 22:25:29
532.5,220.0,0,2022-05-21 22:25:31
532.4,4.2868,0,2022-05-21 22:25:31
532.3,5202.0287,0,2022-05-21 22:25:31
532.2,35340.0547,0,2022-05-21 22:25:31
532.1,43669.106,0,2022-05-21 22:25:31
532.6,25621.914,1,2022-05-21 22:25:31
532.7,23523.8086,1,2022-05-21 22:25:31
532.8,40194.3157,1,2022-05-21 22:25:31
532.9,40519.7791,1,2022-05-21 22:25:31
533.0,3348.2107,1,2022-05-21 22:25:31
532.5,220.0,0,2022-05-21 22:25:33
532.4,4.2868,0,2022-05-21 22:25:33
532.3,5202.0287,0,2022-05-21 22:25:33
532.2,35340.0547,0,2022-05-21 22:25:33
532.1,43669.106,0,2022-05-21 22:25:33
532.6,25621.914,1,2022-05-21 22:25:33
532.7,23523.8086,1,2022-05-21 22:25:33
532.8,40194.3157,1,2022-05-21 22:25:33
532.9,40519.7791,1,2022-05-21 22:25:33
533.0,3348.2107,1,2022-05-21 22:25:33
532.5,220.0,0,2022-05-21 22:25:35
532.4,4.2868,0,2022-05-21 22:25:35
532.3,5202.0287,0,2022-05-21 22:25:35
532.2,35340.0547,0,2022-05-21 22:25:35
532.1,43669.106,0,2022-05-21 22:25:35
532.6,25612.8361,1,2022-05-21 22:25:35
532.7,23523.8086,1,2022-05-21 22:25:35
532.8,40194.3157,1,2022-05-21 22:25:35
532.9,40519.7791,1,2022-05-21 22:25:35
533.0,3348.2107,1,2022-05-21 22:25:35
532.5,220.0,0,2022-05-21 22:25:37
532.4,4.2868,0,2022-05-21 22:25:37
532.3,5202.0287,0,2022-05-21 22:25:37
532.2,35340.0547,0,2022-05-21 22:25:37
532.1,43669.106,0,2022-05-21 22:25:37
532.6,25612.8361,1,2022-05-21 22:25:37
532.7,23523.8086,1,2022-05-21 22:25:37
532.8,40194.3157,1,2022-05-21 22:25:37
532.9,40519.7791,1,2022-05-21 22:25:37
533.0,3348.2107,1,2022-05-21 22:25:37
532.5,220.0,0,2022-05-21 22:25:40
532.4,4.2868,0,2022-05-21 22:25:40
532.3,5202.0287,0,2022-05-21 22:25:40
532.2,35340.0547,0,2022-05-21 22:25:40
532.1,43669.106,0,2022-05-21 22:25:40
532.6,25562.8361,1,2022-05-21 22:25:40
532.7,23523.8086,1,2022-05-21 22:25:40
532.8,40194.3157,1,2022-05-21 22:25:40
532.9,40519.7791,1,2022-05-21 22:25:40
533.0,3348.2107,1,2022-05-21 22:25:40
532.5,220.0,0,2022-05-21 22:25:42
532.4,4.2868,0,2022-05-21 22:25:42
532.3,5202.0287,0,2022-05-21 22:25:42
532.2,35340.0547,0,2022-05-21 22:25:42
532.1,5175.1532,0,2022-05-21 22:25:42
532.6,25562.8361,1,2022-05-21 22:25:42
532.7,23523.8086,1,2022-05-21 22:25:42
532.8,40194.3157,1,2022-05-21 22:25:42
532.9,40519.7791,1,2022-05-21 22:25:42
533.0,3348.2107,1,2022-05-21 22:25:42
532.5,220.0,0,2022-05-21 22:25:44
532.4,4.2868,0,2022-05-21 22:25:44
532.3,5202.0287,0,2022-05-21 22:25:44
532.2,35340.0547,0,2022-05-21 22:25:44
532.1,5175.1532,0,2022-05-21 22:25:44
532.6,25562.8361,1,2022-05-21 22:25:44
532.7,23523.8086,1,2022-05-21 22:25:44
532.8,40194.3157,1,2022-05-21 22:25:44
532.9,40519.7791,1,2022-05-21 22:25:44
533.0,3348.2107,1,2022-05-21 22:25:44
532.5,220.0,0,2022-05-21 22:25:46
532.4,4.2868,0,2022-05-21 22:25:46
532.3,5202.0287,0,2022-05-21 22:25:46
532.2,35340.0547,0,2022-05-21 22:25:46
532.1,5175.1532,0,2022-05-21 22:25:46
532.6,25562.8361,1,2022-05-21 22:25:46
532.7,23523.8086,1,2022-05-21 22:25:46
532.8,40194.3157,1,2022-05-21 22:25:46
532.9,40519.7791,1,2022-05-21 22:25:46
533.0,3348.2107,1,2022-05-21 22:25:46
532.5,220.0,0,2022-05-21 22:25:48
532.4,4.2868,0,2022-05-21 22:25:48
532.3,5202.0287,0,2022-05-21 22:25:48
532.2,35340.0547,0,2022-05-21 22:25:48
532.1,46853.6053,0,2022-05-21 22:25:48
532.6,25562.8361,1,2022-05-21 22:25:48
532.7,23523.8086,1,2022-05-21 22:25:48
532.8,40194.3157,1,2022-05-21 22:25:48
532.9,40519.7791,1,2022-05-21 22:25:48
533.0,3348.2107,1,2022-05-21 22:25:48
532.5,220.0,0,2022-05-21 22:25:50
532.4,4.2868,0,2022-05-21 22:25:50
532.3,5202.0287,0,2022-05-21 22:25:50
532.2,35340.0547,0,2022-05-21 22:25:50
532.1,46853.6053,0,2022-05-21 22:25:50
532.6,25562.8361,1,2022-05-21 22:25:50
532.7,23523.8086,1,2022-05-21 22:25:50
532.8,40194.3157,1,2022-05-21 22:25:50
532.9,40519.7791,1,2022-05-21 22:25:50
533.0,3348.2107,1,2022-05-21 22:25:50
532.5,220.0,0,2022-05-21 22:25:53
532.4,4.2868,0,2022-05-21 22:25:53
532.3,5202.0287,0,2022-05-21 22:25:53
532.2,35340.0547,0,2022-05-21 22:25:53
532.1,9330.1532,0,2022-05-21 22:25:53
532.6,25562.8361,1,2022-05-21 22:25:53
532.7,23523.8086,1,2022-05-21 22:25:53
532.8,40194.3157,1,2022-05-21 22:25:53
532.9,40519.7791,1,2022-05-21 22:25:53
533.0,3348.2107,1,2022-05-21 22:25:53
532.5,220.0,0,2022-05-21 22:25:55
532.4,4.2868,0,2022-05-21 22:25:55
532.3,5202.0287,0,2022-05-21 22:25:55
532.2,35340.0547,0,2022-05-21 22:25:55
532.1,9330.1532,0,2022-05-21 22:25:55
532.6,25562.8361,1,2022-05-21 22:25:55
532.7,23523.8086,1,2022-05-21 22:25:55
532.8,40194.3157,1,2022-05-21 22:25:55
532.9,40519.7791,1,2022-05-21 22:25:55
533.0,3348.2107,1,2022-05-21 22:25:55
532.5,220.0,0,2022-05-21 22:25:57
532.4,4.2868,0,2022-05-21 22:25:57
532.3,5202.0287,0,2022-05-21 22:25:57
532.2,35340.0547,0,2022-05-21 22:25:57
532.1,9330.1532,0,2022-05-21 22:25:57
532.6,25562.8361,1,2022-05-21 22:25:57
532.7,23523.8086,1,2022-05-21 22:25:57
532.8,40194.3157,1,2022-05-21 22:25:57
532.9,40519.7791,1,2022-05-21 22:25:57
533.0,3348.2107,1,2022-05-21 22:25:57
532.5,220.0,0,2022-05-21 22:25:59
532.4,4.2868,0,2022-05-21 22:25:59
532.3,5202.0287,0,2022-05-21 22:25:59
532.2,35340.0547,0,2022-05-21 22:25:59
532.1,9330.1532,0,2022-05-21 22:25:59
532.6,25559.8361,1,2022-05-21 22:25:59
532.7,23523.8086,1,2022-05-21 22:25:59
532.8,40194.3157,1,2022-05-21 22:25:59
532.9,40519.7791,1,2022-05-21 22:25:59
533.0,3348.2107,1,2022-05-21 22:25:59
532.5,220.0,0,2022-05-21 22:26:01
532.4,4.2868,0,2022-05-21 22:26:01
532.3,5202.0287,0,2022-05-21 22:26:01
532.2,35340.0547,0,2022-05-21 22:26:01
532.1,9330.1532,0,2022-05-21 22:26:01
532.6,25559.8361,1,2022-05-21 22:26:01
532.7,23523.8086,1,2022-05-21 22:26:01
532.8,40194.3157,1,2022-05-21 22:26:01
532.9,40519.7791,1,2022-05-21 22:26:01
533.0,3348.2107,1,2022-05-21 22:26:01
532.5,220.0,0,2022-05-21 22:26:04
532.4,4.2868,0,2022-05-21 22:26:04
532.3,5202.0287,0,2022-05-21 22:26:04
532.2,35340.0547,0,2022-05-21 22:26:04
532.1,9330.1532,0,2022-05-21 22:26:04
532.6,25559.8361,1,2022-05-21 22:26:04
532.7,23523.8086,1,2022-05-21 22:26:04
532.8,40194.3157,1,2022-05-21 22:26:04
532.9,40519.7791,1,2022-05-21 22:26:04
533.0,3348.2107,1,2022-05-21 22:26:04
532.5,220.0,0,2022-05-21 22:26:06
532.4,4.2868,0,2022-05-21 22:26:06
532.3,5202.0287,0,2022-05-21 22:26:06
532.2,35340.0547,0,2022-05-21 22:26:06
532.1,9330.1532,0,2022-05-21 22:26:06
532.6,25559.8361,1,2022-05-21 22:26:06
532.7,23523.8086,1,2022-05-21 22:26:06
532.8,40194.3157,1,2022-05-21 22:26:06
532.9,40519.7791,1,2022-05-21 22:26:06
533.0,3348.2107,1,2022-05-21 22:26:06
532.5,220.0,0,2022-05-21 22:26:08
532.4,4.2868,0,2022-05-21 22:26:08
532.3,5202.0287,0,2022-05-21 22:26:08
532.2,35340.0547,0,2022-05-21 22:26:08
532.1,9330.1532,0,2022-05-21 22:26:08
532.6,25559.8361,1,2022-05-21 22:26:08
532.7,23523.8086,1,2022-05-21 22:26:08
532.8,40494.3157,1,2022-05-21 22:26:08
532.9,40519.7791,1,2022-05-21 22:26:08
533.0,3348.2107,1,2022-05-21 22:26:08
532.4,4.2868,0,2022-05-21 22:26:10
532.3,5202.0287,0,2022-05-21 22:26:10
532.2,1000.0,0,2022-05-21 22:26:10
532.1,3379.3379,0,2022-05-21 22:26:10
532.0,33973.7484,0,2022-05-21 22:26:10
532.5,6718.0151,1,2022-05-21 22:26:10
532.6,29816.0091,1,2022-05-21 22:26:10
532.7,61047.2607,1,2022-05-21 22:26:10
532.8,3120.4187,1,2022-05-21 22:26:10
532.9,40519.7791,1,2022-05-21 22:26:10
532.4,4.2868,0,2022-05-21 22:26:12
532.3,5239.5077,0,2022-05-21 22:26:12
532.2,1000.0,0,2022-05-21 22:26:12
532.1,3379.3379,0,2022-05-21 22:26:12
532.0,33973.7484,0,2022-05-21 22:26:12
532.5,6718.0151,1,2022-05-21 22:26:12
532.6,29816.0091,1,2022-05-21 22:26:12
532.7,23523.8086,1,2022-05-21 22:26:12
532.8,40643.8708,1,2022-05-21 22:26:12
532.9,40519.7791,1,2022-05-21 22:26:12
532.3,2584.9076,0,2022-05-21 22:26:15
532.2,1000.0,0,2022-05-21 22:26:15
532.1,500.0,0,2022-05-21 22:26:15
532.0,33002.8335,0,2022-05-21 22:26:15
531.9,1878.0508,0,2022-05-21 22:26:15
532.4,1089.1068,1,2022-05-21 22:26:15
532.5,23344.8997,1,2022-05-21 22:26:15
532.6,29816.0091,1,2022-05-21 22:26:15
532.7,23523.8086,1,2022-05-21 22:26:15
532.8,40643.8708,1,2022-05-21 22:26:15
532.2,926.0207,0,2022-05-21 22:26:17
532.1,500.0,0,2022-05-21 22:26:17
532.0,33002.8335,0,2022-05-21 22:26:17
531.9,4472.7026,0,2022-05-21 22:26:17
531.8,86591.3269,0,2022-05-21 22:26:17
532.4,1089.1068,1,2022-05-21 22:26:17
532.5,23344.8997,1,2022-05-21 22:26:17
532.6,29816.0091,1,2022-05-21 22:26:17
532.7,23523.8086,1,2022-05-21 22:26:17
532.8,40643.8708,1,2022-05-21 22:26:17
532.2,926.0207,0,2022-05-21 22:26:19
532.1,500.0,0,2022-05-21 22:26:19
532.0,33002.8335,0,2022-05-21 22:26:19
531.9,4472.7026,0,2022-05-21 22:26:19
531.8,87699.382,0,2022-05-21 22:26:19
532.5,23344.8997,1,2022-05-21 22:26:19
532.6,29816.0091,1,2022-05-21 22:26:19
532.7,22425.5456,1,2022-05-21 22:26:19
532.8,40643.8708,1,2022-05-21 22:26:19
532.9,39354.7818,1,2022-05-21 22:26:19
532.2,926.0207,0,2022-05-21 22:26:21
532.1,500.0,0,2022-05-21 22:26:21
532.0,33002.8335,0,2022-05-21 22:26:21
531.9,4472.7026,0,2022-05-21 22:26:21
531.8,87699.382,0,2022-05-21 22:26:21
532.5,23344.8997,1,2022-05-21 22:26:21
532.6,29816.0091,1,2022-05-21 22:26:21
532.7,22425.5456,1,2022-05-21 22:26:21
532.8,40643.8708,1,2022-05-21 22:26:21
532.9,39354.7818,1,2022-05-21 22:26:21
532.2,926.0207,0,2022-05-21 22:26:23
532.1,500.0,0,2022-05-21 22:26:23
532.0,33002.8335,0,2022-05-21 22:26:23
531.9,4472.7026,0,2022-05-21 22:26:23
531.8,87699.382,0,2022-05-21 22:26:23
532.5,23344.8997,1,2022-05-21 22:26:23
532.6,29816.0091,1,2022-05-21 22:26:23
532.7,22425.5456,1,2022-05-21 22:26:23
532.8,40643.8708,1,2022-05-21 22:26:23
532.9,39354.7818,1,2022-05-21 22:26:23
532.2,926.0207,0,2022-05-21 22:26:25
532.1,500.0,0,2022-05-21 22:26:25
532.0,33002.8335,0,2022-05-21 22:26:25
531.9,4472.7026,0,2022-05-21 22:26:25
531.8,87739.382,0,2022-05-21 22:26:25
532.5,23344.8997,1,2022-05-21 22:26:25
532.6,29816.0091,1,2022-05-21 22:26:25
532.7,22425.5456,1,2022-05-21 22:26:25
532.8,40643.8708,1,2022-05-21 22:26:25
532.9,39354.7818,1,2022-05-21 22:26:25
532.2,926.0207,0,2022-05-21 22:26:28
532.1,500.0,0,2022-05-21 22:26:28
532.0,33002.8335,0,2022-05-21 22:26:28
531.9,4472.7026,0,2022-05-21 22:26:28
531.8,86768.1056,0,2022-05-21 22:26:28
532.5,22327.832,1,2022-05-21 22:26:28
532.6,29816.0091,1,2022-05-21 22:26:28
532.7,22425.5456,1,2022-05-21 22:26:28
532.8,40643.8708,1,2022-05-21 22:26:28
532.9,39354.7818,1,2022-05-21 22:26:28
532.2,926.0207,0,2022-05-21 22:26:30
532.1,500.0,0,2022-05-21 22:26:30
532.0,33002.8335,0,2022-05-21 22:26:30
531.9,4472.7026,0,2022-05-21 22:26:30
531.8,86768.1056,0,2022-05-21 22:26:30
532.5,22327.832,1,2022-05-21 22:26:30
532.6,29816.0091,1,2022-05-21 22:26:30
532.7,22425.5456,1,2022-05-21 22:26:30
532.8,40643.8708,1,2022-05-21 22:26:30
532.9,39354.7818,1,2022-05-21 22:26:30
532.2,926.0207,0,2022-05-21 22:26:32
532.1,500.0,0,2022-05-21 22:26:32
532.0,33002.8335,0,2022-05-21 22:26:32
531.9,4472.7026,0,2022-05-21 22:26:32
531.8,86768.1056,0,2022-05-21 22:26:32
532.5,22327.832,1,2022-05-21 22:26:32
532.6,29816.0091,1,2022-05-21 22:26:32
532.7,22425.5456,1,2022-05-21 22:26:32
532.8,40643.8708,1,2022-05-21 22:26:32
532.9,39354.7818,1,2022-05-21 22:26:32
532.2,926.0207,0,2022-05-21 22:26:34
532.1,500.0,0,2022-05-21 22:26:34
532.0,33002.8335,0,2022-05-21 22:26:34
531.9,4472.7026,0,2022-05-21 22:26:34
531.8,86768.1056,0,2022-05-21 22:26:34
532.5,22327.832,1,2022-05-21 22:26:34
532.6,29816.0091,1,2022-05-21 22:26:34
532.7,22425.5456,1,2022-05-21 22:26:34
532.8,40643.8708,1,2022-05-21 22:26:34
532.9,39354.7818,1,2022-05-21 22:26:34
532.2,926.0207,0,2022-05-21 22:26:36
532.1,500.0,0,2022-05-21 22:26:36
532.0,33002.8335,0,2022-05-21 22:26:36
531.9,4472.7026,0,2022-05-21 22:26:36
531.8,86768.1056,0,2022-05-21 22:26:36
532.5,22327.832,1,2022-05-21 22:26:36
532.6,29816.0091,1,2022-05-21 22:26:36
532.7,22425.5456,1,2022-05-21 22:26:36
532.8,40643.8708,1,2022-05-21 22:26:36
532.9,39354.7818,1,2022-05-21 22:26:36
532.2,884.1576,0,2022-05-21 22:26:39
532.1,500.0,0,2022-05-21 22:26:39
532.0,33002.8335,0,2022-05-21 22:26:39
531.9,4472.7026,0,2022-05-21 22:26:39
531.8,87739.4044,0,2022-05-21 22:26:39
532.5,22127.832,1,2022-05-21 22:26:39
532.6,29816.0091,1,2022-05-21 22:26:39
532.7,22425.5456,1,2022-05-21 22:26:39
532.8,40643.8708,1,2022-05-21 22:26:39
532.9,39354.7818,1,2022-05-21 22:26:39
532.2,884.1576,0,2022-05-21 22:26:41
532.1,500.0,0,2022-05-21 22:26:41
532.0,33002.8335,0,2022-05-21 22:26:41
531.9,4472.7026,0,2022-05-21 22:26:41
531.8,87739.4044,0,2022-05-21 22:26:41
532.5,22127.832,1,2022-05-21 22:26:41
532.6,29816.0091,1,2022-05-21 22:26:41
532.7,22425.5456,1,2022-05-21 22:26:41
532.8,40643.8708,1,2022-05-21 22:26:41
532.9,39354.7818,1,2022-05-21 22:26:41
532.2,884.1576,0,2022-05-21 22:26:43
532.1,500.0,0,2022-05-21 22:26:43
532.0,33002.8335,0,2022-05-21 22:26:43
531.9,4472.7026,0,2022-05-21 22:26:43
531.8,87739.4044,0,2022-05-21 22:26:43
532.5,22127.832,1,2022-05-21 22:26:43
532.6,29816.0091,1,2022-05-21 22:26:43
532.7,22425.5456,1,2022-05-21 22:26:43
532.8,40643.8708,1,2022-05-21 22:26:43
532.9,39354.7818,1,2022-05-21 22:26:43
532.2,884.1576,0,2022-05-21 22:26:45
532.1,500.0,0,2022-05-21 22:26:45
532.0,33002.8335,0,2022-05-21 22:26:45
531.9,4472.7026,0,2022-05-21 22:26:45
531.8,87739.4044,0,2022-05-21 22:26:45
532.5,22127.832,1,2022-05-21 22:26:45
532.6,29816.0091,1,2022-05-21 22:26:45
532.7,22425.5456,1,2022-05-21 22:26:45
532.8,40643.8708,1,2022-05-21 22:26:45
532.9,39354.7818,1,2022-05-21 22:26:45
532.2,884.1576,0,2022-05-21 22:26:47
532.1,500.0,0,2022-05-21 22:26:47
532.0,33002.8335,0,2022-05-21 22:26:47
531.9,4472.7026,0,2022-05-21 22:26:47
531.8,87739.4044,0,2022-05-21 22:26:47
532.5,22127.832,1,2022-05-21 22:26:47
532.6,29816.0091,1,2022-05-21 22:26:47
532.7,22425.5456,1,2022-05-21 22:26:47
532.8,40643.8708,1,2022-05-21 22:26:47
532.9,39354.7818,1,2022-05-21 22:26:47
532.0,18527.6521,0,2022-05-21 22:26:50
531.9,23084.0897,0,2022-05-21 22:26:50
531.8,46060.9523,0,2022-05-21 22:26:50
531.7,49523.4521,0,2022-05-21 22:26:50
531.6,2852.1931,0,2022-05-21 22:26:50
532.4,2119.8584,1,2022-05-21 22:26:50
532.5,22127.832,1,2022-05-21 22:26:50
532.6,29963.3318,1,2022-05-21 22:26:50
532.7,22425.5456,1,2022-05-21 22:26:50
532.8,40643.8708,1,2022-05-21 22:26:50
532.0,2117.6829,0,2022-05-21 22:26:52
531.9,23084.0897,0,2022-05-21 22:26:52
531.8,45089.6535,0,2022-05-21 22:26:52
531.7,49523.4521,0,2022-05-21 22:26:52
531.6,2852.1931,0,2022-05-21 22:26:52
532.4,2119.8584,1,2022-05-21 22:26:52
532.5,22127.832,1,2022-05-21 22:26:52
532.6,29963.3318,1,2022-05-21 22:26:52
532.7,22425.5456,1,2022-05-21 22:26:52
532.8,40643.8708,1,2022-05-21 22:26:52
531.9,23084.0897,0,2022-05-21 22:26:54
531.8,45089.6535,0,2022-05-21 22:26:54
531.7,49532.4521,0,2022-05-21 22:26:54
531.6,2852.1931,0,2022-05-21 22:26:54
531.5,2538.6189,0,2022-05-21 22:26:54
532.5,22127.832,1,2022-05-21 22:26:54
532.6,29963.3318,1,2022-05-21 22:26:54
532.7,22425.5456,1,2022-05-21 22:26:54
532.8,40643.8708,1,2022-05-21 22:26:54
532.9,39354.7818,1,2022-05-21 22:26:54
531.9,23084.0897,0,2022-05-21 22:26:57
531.8,45089.6535,0,2022-05-21 22:26:57
531.7,49532.4521,0,2022-05-21 22:26:57
531.6,2852.1931,0,2022-05-21 22:26:57
531.5,2538.6189,0,2022-05-21 22:26:57
532.5,22127.832,1,2022-05-21 22:26:57
532.6,29963.3318,1,2022-05-21 22:26:57
532.7,22425.5456,1,2022-05-21 22:26:57
532.8,40643.8708,1,2022-05-21 22:26:57
532.9,39354.7818,1,2022-05-21 22:26:57
531.9,23084.0897,0,2022-05-21 22:26:59
531.8,45089.6535,0,2022-05-21 22:26:59
531.7,49532.4521,0,2022-05-21 22:26:59
531.6,2852.1931,0,2022-05-21 22:26:59
531.5,2538.6189,0,2022-05-21 22:26:59
532.5,22127.832,1,2022-05-21 22:26:59
532.6,29963.3318,1,2022-05-21 22:26:59
532.7,22425.5456,1,2022-05-21 22:26:59
532.8,40643.8708,1,2022-05-21 22:26:59
532.9,39354.7818,1,2022-05-21 22:26:59
531.9,4155.0,0,2022-05-21 22:27:01
531.8,43981.5984,0,2022-05-21 22:27:01
531.7,37532.4521,0,2022-05-21 22:27:01
531.6,2852.1931,0,2022-05-21 22:27:01
531.5,538.6189,0,2022-05-21 22:27:01
532.3,40576.3439,1,2022-05-21 22:27:01
532.4,5824.5884,1,2022-05-21 22:27:01
532.5,22127.832,1,2022-05-21 22:27:01
532.6,29963.3318,1,2022-05-21 22:27:01
532.7,22425.5456,1,2022-05-21 22:27:01
531.9,4155.0,0,2022-05-21 22:27:03
531.8,43981.5984,0,2022-05-21 22:27:03
531.7,37532.4521,0,2022-05-21 22:27:03
531.6,2852.1931,0,2022-05-21 22:27:03
531.5,538.6189,0,2022-05-21 22:27:03
532.3,40576.3439,1,2022-05-21 22:27:03
532.4,5824.5884,1,2022-05-21 22:27:03
532.5,22127.832,1,2022-05-21 22:27:03
532.6,29963.3318,1,2022-05-21 22:27:03
532.7,22425.5456,1,2022-05-21 22:27:03
531.9,4155.0,0,2022-05-21 22:27:05
531.8,43981.5984,0,2022-05-21 22:27:05
531.7,40319.8523,0,2022-05-21 22:27:05
531.6,2852.1931,0,2022-05-21 22:27:05
531.5,538.6189,0,2022-05-21 22:27:05
532.3,40576.3439,1,2022-05-21 22:27:05
532.4,5824.5884,1,2022-05-21 22:27:05
532.5,59651.2841,1,2022-05-21 22:27:05
532.6,29963.3318,1,2022-05-21 22:27:05
532.7,22425.5456,1,2022-05-21 22:27:05
531.9,4155.0,0,2022-05-21 22:27:08
531.8,43981.5984,0,2022-05-21 22:27:08
531.7,40319.8523,0,2022-05-21 22:27:08
531.6,2852.1931,0,2022-05-21 22:27:08
531.5,538.6189,0,2022-05-21 22:27:08
532.3,40576.3439,1,2022-05-21 22:27:08
532.4,5824.5884,1,2022-05-21 22:27:08
532.5,59651.2841,1,2022-05-21 22:27:08
532.6,29963.3318,1,2022-05-21 22:27:08
532.7,22425.5456,1,2022-05-21 22:27:08
531.9,4155.0,0,2022-05-21 22:27:10
531.8,43981.5984,0,2022-05-21 22:27:10
531.7,2796.4002,0,2022-05-21 22:27:10
531.6,40375.6452,0,2022-05-21 22:27:10
531.5,538.6189,0,2022-05-21 22:27:10
532.3,40576.3439,1,2022-05-21 22:27:10
532.4,5824.5884,1,2022-05-21 22:27:10
532.5,59651.2841,1,2022-05-21 22:27:10
532.6,29963.3318,1,2022-05-21 22:27:10
532.7,22425.5456,1,2022-05-21 22:27:10
531.9,4155.0,0,2022-05-21 22:27:12
531.8,43981.5984,0,2022-05-21 22:27:12
531.7,2796.4002,0,2022-05-21 22:27:12
531.6,40375.6452,0,2022-05-21 22:27:12
531.5,538.6189,0,2022-05-21 22:27:12
532.3,39261.296,1,2022-05-21 22:27:12
532.4,5824.5884,1,2022-05-21 22:27:12
532.5,59651.2841,1,2022-05-21 22:27:12
532.6,29963.3318,1,2022-05-21 22:27:12
532.7,22425.5456,1,2022-05-21 22:27:12
531.9,4155.0,0,2022-05-21 22:27:14
531.8,47087.8928,0,2022-05-21 22:27:14
531.7,40319.8523,0,2022-05-21 22:27:14
531.6,2852.1931,0,2022-05-21 22:27:14
531.5,538.6189,0,2022-05-21 22:27:14
532.3,39256.7704,1,2022-05-21 22:27:14
532.4,5824.5884,1,2022-05-21 22:27:14
532.5,59651.2841,1,2022-05-21 22:27:14
532.6,29963.3318,1,2022-05-21 22:27:14
532.7,22425.5456,1,2022-05-21 22:27:14
531.9,4155.0,0,2022-05-21 22:27:16
531.8,47087.8928,0,2022-05-21 22:27:16
531.7,2796.4002,0,2022-05-21 22:27:16
531.6,2852.1931,0,2022-05-21 22:27:16
531.5,538.6189,0,2022-05-21 22:27:16
532.3,39256.7704,1,2022-05-21 22:27:16
532.4,5824.5884,1,2022-05-21 22:27:16
532.5,59651.2841,1,2022-05-21 22:27:16
532.6,29963.3318,1,2022-05-21 22:27:16
532.7,22425.5456,1,2022-05-21 22:27:16
531.9,4155.0,0,2022-05-21 22:27:18
531.8,47087.8928,0,2022-05-21 22:27:18
531.7,40319.8523,0,2022-05-21 22:27:18
531.6,2852.1931,0,2022-05-21 22:27:18
531.5,538.6189,0,2022-05-21 22:27:18
532.3,39256.7704,1,2022-05-21 22:27:18
532.4,5824.5884,1,2022-05-21 22:27:18
532.5,59651.2841,1,2022-05-21 22:27:18
532.6,29963.3318,1,2022-05-21 22:27:18
532.7,22425.5456,1,2022-05-21 22:27:18
531.9,4155.0,0,2022-05-21 22:27:21
531.8,47087.8928,0,2022-05-21 22:27:21
531.7,2796.4002,0,2022-05-21 22:27:21
531.6,2852.1931,0,2022-05-21 22:27:21
531.5,538.6189,0,2022-05-21 22:27:21
532.3,35500.9018,1,2022-05-21 22:27:21
532.4,5824.5884,1,2022-05-21 22:27:21
532.5,22127.832,1,2022-05-21 22:27:21
532.6,67486.7839,1,2022-05-21 22:27:21
532.7,22425.5456,1,2022-05-21 22:27:21
531.9,4155.0,0,2022-05-21 22:27:23
531.8,47087.8928,0,2022-05-21 22:27:23
531.7,2796.4002,0,2022-05-21 22:27:23
531.6,2852.1931,0,2022-05-21 22:27:23
531.5,538.6189,0,2022-05-21 22:27:23
532.3,35500.9018,1,2022-05-21 22:27:23
532.4,5824.5884,1,2022-05-21 22:27:23
532.5,22127.832,1,2022-05-21 22:27:23
532.6,67486.7839,1,2022-05-21 22:27:23
532.7,22425.5456,1,2022-05-21 22:27:23
531.8,19607.2693,0,2022-05-21 22:27:25
531.7,6951.4002,0,2022-05-21 22:27:25
531.6,54801.6231,0,2022-05-21 22:27:25
531.5,538.6189,0,2022-05-21 22:27:25
531.4,23867.8635,0,2022-05-21 22:27:25
532.3,35500.9018,1,2022-05-21 22:27:25
532.4,5824.5884,1,2022-05-21 22:27:25
532.5,22127.832,1,2022-05-21 22:27:25
532.6,67486.7839,1,2022-05-21 22:27:25
532.7,22425.5456,1,2022-05-21 22:27:25
531.8,19607.2693,0,2022-05-21 22:27:27
531.7,6951.4002,0,2022-05-21 22:27:27
531.6,54801.6231,0,2022-05-21 22:27:27
531.5,538.6189,0,2022-05-21 22:27:27
531.4,23867.8635,0,2022-05-21 22:27:27
532.3,35500.9018,1,2022-05-21 22:27:27
532.4,5824.5884,1,2022-05-21 22:27:27
532.5,22127.832,1,2022-05-21 22:27:27
532.6,67486.7839,1,2022-05-21 22:27:27
532.7,22425.5456,1,2022-05-21 22:27:27
532.0,18.7651,0,2022-05-21 22:27:29
531.8,19607.2693,0,2022-05-21 22:27:29
531.7,6951.4002,0,2022-05-21 22:27:29
531.6,54801.6231,0,2022-05-21 22:27:29
531.5,538.6189,0,2022-05-21 22:27:29
532.3,35500.9018,1,2022-05-21 22:27:29
532.4,5824.5884,1,2022-05-21 22:27:29
532.5,22127.832,1,2022-05-21 22:27:29
532.6,67486.7839,1,2022-05-21 22:27:29
532.7,22425.5456,1,2022-05-21 22:27:29
532.0,18.7651,0,2022-05-21 22:27:31
531.8,19607.2693,0,2022-05-21 22:27:31
531.7,6951.4002,0,2022-05-21 22:27:31
531.6,17278.171,0,2022-05-21 22:27:31
531.5,37534.4606,0,2022-05-21 22:27:31
532.3,35500.9018,1,2022-05-21 22:27:31
532.4,5824.5884,1,2022-05-21 22:27:31
532.5,22127.832,1,2022-05-21 22:27:31
532.6,29963.3318,1,2022-05-21 22:27:31
532.7,22425.5456,1,2022-05-21 22:27:31
532.0,18.7651,0,2022-05-21 22:27:34
531.8,19607.2693,0,2022-05-21 22:27:34
531.7,6951.4002,0,2022-05-21 22:27:34
531.6,17278.171,0,2022-05-21 22:27:34
531.5,37534.4606,0,2022-05-21 22:27:34
532.3,35500.9018,1,2022-05-21 22:27:34
532.4,5824.5884,1,2022-05-21 22:27:34
532.5,22127.832,1,2022-05-21 22:27:34
532.6,67486.7839,1,2022-05-21 22:27:34
532.7,22425.5456,1,2022-05-21 22:27:34
532.0,18.7651,0,2022-05-21 22:27:36
531.8,19607.2693,0,2022-05-21 22:27:36
531.7,6951.4002,0,2022-05-21 22:27:36
531.6,17278.171,0,2022-05-21 22:27:36
531.5,37534.4606,0,2022-05-21 22:27:36
532.3,35500.9018,1,2022-05-21 22:27:36
532.4,5824.5884,1,2022-05-21 22:27:36
532.5,22127.832,1,2022-05-21 22:27:36
532.6,67486.7839,1,2022-05-21 22:27:36
532.7,22425.5456,1,2022-05-21 22:27:36
532.0,18.7651,0,2022-05-21 22:27:38
531.8,19607.2693,0,2022-05-21 22:27:38
531.7,6951.4002,0,2022-05-21 22:27:38
531.6,54801.6231,0,2022-05-21 22:27:38
531.5,11.0085,0,2022-05-21 22:27:38
532.3,35500.9018,1,2022-05-21 22:27:38
532.4,5824.5884,1,2022-05-21 22:27:38
532.5,22127.832,1,2022-05-21 22:27:38
532.6,67486.7839,1,2022-05-21 22:27:38
532.7,22425.5456,1,2022-05-21 22:27:38
532.0,18.7651,0,2022-05-21 22:27:40
531.8,19607.2693,0,2022-05-21 22:27:40
531.7,6951.4002,0,2022-05-21 22:27:40
531.6,17278.171,0,2022-05-21 22:27:40
531.5,37534.4606,0,2022-05-21 22:27:40
532.3,35500.9018,1,2022-05-21 22:27:40
532.4,5824.5884,1,2022-05-21 22:27:40
532.5,22127.832,1,2022-05-21 22:27:40
532.6,67486.7839,1,2022-05-21 22:27:40
532.7,22425.5456,1,2022-05-21 22:27:40
532.0,18.7651,0,2022-05-21 22:27:42
531.8,19607.2693,0,2022-05-21 22:27:42
531.7,6951.4002,0,2022-05-21 22:27:42
531.6,17278.171,0,2022-05-21 22:27:42
531.5,11.0085,0,2022-05-21 22:27:42
532.3,35500.9018,1,2022-05-21 22:27:42
532.4,5824.5884,1,2022-05-21 22:27:42
532.5,22127.832,1,2022-05-21 22:27:42
532.6,67486.7839,1,2022-05-21 22:27:42
532.7,22425.5456,1,2022-05-21 22:27:42
532.0,18.7651,0,2022-05-21 22:27:45
531.8,19607.2693,0,2022-05-21 22:27:45
531.7,6951.4002,0,2022-05-21 22:27:45
531.6,54801.6231,0,2022-05-21 22:27:45
531.5,11.0085,0,2022-05-21 22:27:45
532.3,35500.9018,1,2022-05-21 22:27:45
532.4,5824.5884,1,2022-05-21 22:27:45
532.5,22127.832,1,2022-05-21 22:27:45
532.6,67486.7839,1,2022-05-21 22:27:45
532.7,22425.5456,1,2022-05-21 22:27:45
532.0,18.7651,0,2022-05-21 22:27:47
531.8,19607.2693,0,2022-05-21 22:27:47
531.7,6951.4002,0,2022-05-21 22:27:47
531.6,54801.6231,0,2022-05-21 22:27:47
531.5,11.0085,0,2022-05-21 22:27:47
532.3,35500.9018,1,2022-05-21 22:27:47
532.4,5824.5884,1,2022-05-21 22:27:47
532.5,22127.832,1,2022-05-21 22:27:47
532.6,67486.7839,1,2022-05-21 22:27:47
532.7,22425.5456,1,2022-05-21 22:27:47
532.0,18.7651,0,2022-05-21 22:27:49
531.8,19607.2693,0,2022-05-21 22:27:49
531.7,6951.4002,0,2022-05-21 22:27:49
531.6,54801.6231,0,2022-05-21 22:27:49
531.5,11.0085,0,2022-05-21 22:27:49
532.3,35500.9018,1,2022-05-21 22:27:49
532.4,5824.5884,1,2022-05-21 22:27:49
532.5,22127.832,1,2022-05-21 22:27:49
532.6,67486.7839,1,2022-05-21 22:27:49
532.7,22425.5456,1,2022-05-21 22:27:49
531.8,19607.2693,0,2022-05-21 22:27:51
531.7,6951.4002,0,2022-05-21 22:27:51
531.6,18249.8421,0,2022-05-21 22:27:51
531.5,37534.4606,0,2022-05-21 22:27:51
531.4,23414.1747,0,2022-05-21 22:27:51
532.3,35500.9018,1,2022-05-21 22:27:51
532.4,5824.5884,1,2022-05-21 22:27:51
532.5,22127.832,1,2022-05-21 22:27:51
532.6,67486.7839,1,2022-05-21 22:27:51
532.7,22425.5456,1,2022-05-21 22:27:51
531.8,33318.8184,0,2022-05-21 22:27:53
531.7,6951.4002,0,2022-05-21 22:27:53
531.6,55773.2942,0,2022-05-21 22:27:53
531.5,11.0085,0,2022-05-21 22:27:53
531.4,23414.1747,0,2022-05-21 22:27:53
532.3,35500.9018,1,2022-05-21 22:27:53
532.4,5824.5884,1,2022-05-21 22:27:53
532.5,22127.832,1,2022-05-21 22:27:53
532.6,67486.7839,1,2022-05-21 22:27:53
532.7,22425.5456,1,2022-05-21 22:27:53
531.8,33318.8184,0,2022-05-21 22:27:55
531.7,6951.4002,0,2022-05-21 22:27:55
531.6,55773.2942,0,2022-05-21 22:27:55
531.5,11.0085,0,2022-05-21 22:27:55
531.4,23414.1747,0,2022-05-21 22:27:55
532.3,35500.9018,1,2022-05-21 22:27:55
532.4,5824.5884,1,2022-05-21 22:27:55
532.5,22127.832,1,2022-05-21 22:27:55
532.6,67486.7839,1,2022-05-21 22:27:55
532.7,22425.5456,1,2022-05-21 22:27:55
531.8,33751.6245,0,2022-05-21 22:27:58
531.7,6951.4002,0,2022-05-21 22:27:58
531.6,55773.2942,0,2022-05-21 22:27:58
531.5,11.0085,0,2022-05-21 22:27:58
531.4,23414.1747,0,2022-05-21 22:27:58
532.3,35404.9349,1,2022-05-21 22:27:58
532.4,5824.5884,1,2022-05-21 22:27:58
532.5,22127.832,1,2022-05-21 22:27:58
532.6,67486.7839,1,2022-05-21 22:27:58
532.7,22425.5456,1,2022-05-21 22:27:58
531.8,33751.6245,0,2022-05-21 22:28:00
531.7,6951.4002,0,2022-05-21 22:28:00
531.6,55773.2942,0,2022-05-21 22:28:00
531.5,11.0085,0,2022-05-21 22:28:00
531.4,23414.1747,0,2022-05-21 22:28:00
532.3,35404.9349,1,2022-05-21 22:28:00
532.4,5824.5884,1,2022-05-21 22:28:00
532.5,59651.2841,1,2022-05-21 22:28:00
532.6,29963.3318,1,2022-05-21 22:28:00
532.7,22425.5456,1,2022-05-21 22:28:00
531.8,33751.6245,0,2022-05-21 22:28:02
531.7,6951.4002,0,2022-05-21 22:28:02
531.6,18249.8421,0,2022-05-21 22:28:02
531.5,37534.4606,0,2022-05-21 22:28:02
531.4,23414.1747,0,2022-05-21 22:28:02
532.3,35404.9349,1,2022-05-21 22:28:02
532.4,5824.5884,1,2022-05-21 22:28:02
532.5,59651.2841,1,2022-05-21 22:28:02
532.6,29963.3318,1,2022-05-21 22:28:02
532.7,22425.5456,1,2022-05-21 22:28:02
531.8,33751.6245,0,2022-05-21 22:28:04
531.7,6951.4002,0,2022-05-21 22:28:04
531.6,17278.171,0,2022-05-21 22:28:04
531.5,37534.4606,0,2022-05-21 22:28:04
531.4,23414.1747,0,2022-05-21 22:28:04
532.3,33890.3965,1,2022-05-21 22:28:04
532.4,5824.5884,1,2022-05-21 22:28:04
532.5,59651.2841,1,2022-05-21 22:28:04
532.6,29963.3318,1,2022-05-21 22:28:04
532.7,22425.5456,1,2022-05-21 22:28:04
531.8,33751.6245,0,2022-05-21 22:28:06
531.7,6951.4002,0,2022-05-21 22:28:06
531.6,54801.6231,0,2022-05-21 22:28:06
531.5,11.0085,0,2022-05-21 22:28:06
531.4,23414.1747,0,2022-05-21 22:28:06
532.3,33890.3965,1,2022-05-21 22:28:06
532.4,5824.5884,1,2022-05-21 22:28:06
532.5,59651.2841,1,2022-05-21 22:28:06
532.6,29963.3318,1,2022-05-21 22:28:06
532.7,22425.5456,1,2022-05-21 22:28:06
531.8,33751.6245,0,2022-05-21 22:28:09
531.7,6951.4002,0,2022-05-21 22:28:09
531.6,17278.171,0,2022-05-21 22:28:09
531.5,37534.4606,0,2022-05-21 22:28:09
531.4,23414.1747,0,2022-05-21 22:28:09
532.3,33890.3965,1,2022-05-21 22:28:09
532.4,5824.5884,1,2022-05-21 22:28:09
532.5,59651.2841,1,2022-05-21 22:28:09
532.6,29963.3318,1,2022-05-21 22:28:09
532.7,22425.5456,1,2022-05-21 22:28:09
531.8,33751.6245,0,2022-05-21 22:28:11
531.7,6951.4002,0,2022-05-21 22:28:11
531.6,17278.171,0,2022-05-21 22:28:11
531.5,37534.4606,0,2022-05-21 22:28:11
531.4,23414.1747,0,2022-05-21 22:28:11
532.3,33890.3965,1,2022-05-21 22:28:11
532.4,5824.5884,1,2022-05-21 22:28:11
532.5,59651.2841,1,2022-05-21 22:28:11
532.6,29963.3318,1,2022-05-21 22:28:11
532.7,22425.5456,1,2022-05-21 22:28:11
531.8,33751.6245,0,2022-05-21 22:28:13
531.7,6951.4002,0,2022-05-21 22:28:13
531.6,17278.171,0,2022-05-21 22:28:13
531.5,37534.4606,0,2022-05-21 22:28:13
531.4,23414.1747,0,2022-05-21 22:28:13
532.3,33890.3965,1,2022-05-21 22:28:13
532.4,5824.5884,1,2022-05-21 22:28:13
532.5,59651.2841,1,2022-05-21 22:28:13
532.6,29963.3318,1,2022-05-21 22:28:13
532.7,22425.5456,1,2022-05-21 22:28:13
531.8,33751.6245,0,2022-05-21 22:28:15
531.7,6951.4002,0,2022-05-21 22:28:15
531.6,54801.6231,0,2022-05-21 22:28:15
531.5,11.0085,0,2022-05-21 22:28:15
531.4,23414.1747,0,2022-05-21 22:28:15
532.3,33890.3965,1,2022-05-21 22:28:15
532.4,5824.5884,1,2022-05-21 22:28:15
532.5,59651.2841,1,2022-05-21 22:28:15
532.6,29963.3318,1,2022-05-21 22:28:15
532.7,22425.5456,1,2022-05-21 22:28:15
531.8,33751.6245,0,2022-05-21 22:28:17
531.7,6951.4002,0,2022-05-21 22:28:17
531.6,17278.171,0,2022-05-21 22:28:17
531.5,11.0085,0,2022-05-21 22:28:17
531.4,23414.1747,0,2022-05-21 22:28:17
532.3,33377.0614,1,2022-05-21 22:28:17
532.4,5824.5884,1,2022-05-21 22:28:17
532.5,59651.2841,1,2022-05-21 22:28:17
532.6,29963.3318,1,2022-05-21 22:28:17
532.7,22425.5456,1,2022-05-21 22:28:17
531.8,33751.6245,0,2022-05-21 22:28:20
531.7,6951.4002,0,2022-05-21 22:28:20
531.6,54801.6231,0,2022-05-21 22:28:20
531.5,11.0085,0,2022-05-21 22:28:20
531.4,23414.1747,0,2022-05-21 22:28:20
532.3,33377.0614,1,2022-05-21 22:28:20
532.4,5824.5884,1,2022-05-21 22:28:20
532.5,59651.2841,1,2022-05-21 22:28:20
532.6,29963.3318,1,2022-05-21 22:28:20
532.7,22425.5456,1,2022-05-21 22:28:20
531.8,33751.6245,0,2022-05-21 22:28:22
531.7,6951.4002,0,2022-05-21 22:28:22
531.6,54801.6231,0,2022-05-21 22:28:22
531.5,11.0085,0,2022-05-21 22:28:22
531.4,23414.1747,0,2022-05-21 22:28:22
532.3,33377.0614,1,2022-05-21 22:28:22
532.4,5824.5884,1,2022-05-21 22:28:22
532.5,59651.2841,1,2022-05-21 22:28:22
532.6,29963.3318,1,2022-05-21 22:28:22
532.7,22425.5456,1,2022-05-21 22:28:22
531.8,33751.6245,0,2022-05-21 22:28:24
531.7,6951.4002,0,2022-05-21 22:28:24
531.6,54801.6231,0,2022-05-21 22:28:24
531.5,11.0085,0,2022-05-21 22:28:24
531.4,23414.1747,0,2022-05-21 22:28:24
532.3,33377.0614,1,2022-05-21 22:28:24
532.4,5824.5884,1,2022-05-21 22:28:24
532.5,59651.2841,1,2022-05-21 22:28:24
532.6,29963.3318,1,2022-05-21 22:28:24
532.7,22425.5456,1,2022-05-21 22:28:24
531.8,33751.6245,0,2022-05-21 22:28:26
531.7,6951.4002,0,2022-05-21 22:28:26
531.6,54801.6231,0,2022-05-21 22:28:26
531.5,11.0085,0,2022-05-21 22:28:26
531.4,23414.1747,0,2022-05-21 22:28:26
532.3,33377.0614,1,2022-05-21 22:28:26
532.4,5824.5884,1,2022-05-21 22:28:26
532.5,59651.2841,1,2022-05-21 22:28:26
532.6,29963.3318,1,2022-05-21 22:28:26
532.7,22425.5456,1,2022-05-21 22:28:26
532.0,291.9996,0,2022-05-21 22:28:28
531.8,33751.6245,0,2022-05-21 22:28:28
531.7,6951.4002,0,2022-05-21 22:28:28
531.6,54801.6231,0,2022-05-21 22:28:28
531.5,11.0085,0,2022-05-21 22:28:28
532.3,33377.0614,1,2022-05-21 22:28:28
532.4,5824.5884,1,2022-05-21 22:28:28
532.5,59651.2841,1,2022-05-21 22:28:28
532.6,29963.3318,1,2022-05-21 22:28:28
532.7,22425.5456,1,2022-05-21 22:28:28
532.0,291.9996,0,2022-05-21 22:28:31
531.8,33751.6245,0,2022-05-21 22:28:31
531.7,6951.4002,0,2022-05-21 22:28:31
531.6,54801.6231,0,2022-05-21 22:28:31
531.5,11.0085,0,2022-05-21 22:28:31
532.3,33377.0614,1,2022-05-21 22:28:31
532.4,5824.5884,1,2022-05-21 22:28:31
532.5,59651.2841,1,2022-05-21 22:28:31
532.6,29963.3318,1,2022-05-21 22:28:31
532.7,22425.5456,1,2022-05-21 22:28:31
532.0,291.9996,0,2022-05-21 22:28:33
531.8,33751.6245,0,2022-05-21 22:28:33
531.7,6951.4002,0,2022-05-21 22:28:33
531.6,17278.171,0,2022-05-21 22:28:33
531.5,11.0085,0,2022-05-21 22:28:33
532.3,33377.0614,1,2022-05-21 22:28:33
532.4,5824.5884,1,2022-05-21 22:28:33
532.5,59651.2841,1,2022-05-21 22:28:33
532.6,29963.3318,1,2022-05-21 22:28:33
532.7,22425.5456,1,2022-05-21 22:28:33
532.0,291.9996,0,2022-05-21 22:28:35
531.8,33751.6245,0,2022-05-21 22:28:35
531.7,6951.4002,0,2022-05-21 22:28:35
531.6,54801.6231,0,2022-05-21 22:28:35
531.5,11.0085,0,2022-05-21 22:28:35
532.3,28829.3063,1,2022-05-21 22:28:35
532.4,5824.5884,1,2022-05-21 22:28:35
532.5,59651.2841,1,2022-05-21 22:28:35
532.6,29963.3318,1,2022-05-21 22:28:35
532.7,22425.5456,1,2022-05-21 22:28:35
532.0,291.9996,0,2022-05-21 22:28:37
531.8,33751.6245,0,2022-05-21 22:28:37
531.7,6951.4002,0,2022-05-21 22:28:37
531.6,17278.171,0,2022-05-21 22:28:37
531.5,37534.4606,0,2022-05-21 22:28:37
532.3,640685.2632,1,2022-05-21 22:28:37
532.4,5824.5884,1,2022-05-21 22:28:37
532.5,59651.2841,1,2022-05-21 22:28:37
532.6,29963.3318,1,2022-05-21 22:28:37
532.7,22425.5456,1,2022-05-21 22:28:37
532.0,291.9996,0,2022-05-21 22:28:39
531.8,33751.6245,0,2022-05-21 22:28:39
531.7,6951.4002,0,2022-05-21 22:28:39
531.6,17278.171,0,2022-05-21 22:28:39
531.5,37534.4606,0,2022-05-21 22:28:39
532.3,640685.2632,1,2022-05-21 22:28:39
532.4,5824.5884,1,2022-05-21 22:28:39
532.5,59651.2841,1,2022-05-21 22:28:39
532.6,29963.3318,1,2022-05-21 22:28:39
532.7,22425.5456,1,2022-05-21 22:28:39
532.0,291.9996,0,2022-05-21 22:28:42
531.8,33751.6245,0,2022-05-21 22:28:42
531.7,6951.4002,0,2022-05-21 22:28:42
531.6,17278.171,0,2022-05-21 22:28:42
531.5,37534.4606,0,2022-05-21 22:28:42
532.3,640685.2632,1,2022-05-21 22:28:42
532.4,5824.5884,1,2022-05-21 22:28:42
532.5,59651.2841,1,2022-05-21 22:28:42
532.6,29963.3318,1,2022-05-21 22:28:42
532.7,22425.5456,1,2022-05-21 22:28:42
532.0,291.9996,0,2022-05-21 22:28:44
531.9,4155.0,0,2022-05-21 22:28:44
531.8,34717.0249,0,2022-05-21 22:28:44
531.7,2796.4002,0,2022-05-21 22:28:44
531.6,54801.6231,0,2022-05-21 22:28:44
532.3,640685.2632,1,2022-05-21 22:28:44
532.4,4845.174,1,2022-05-21 22:28:44
532.5,59651.2841,1,2022-05-21 22:28:44
532.6,29963.3318,1,2022-05-21 22:28:44
532.7,22425.5456,1,2022-05-21 22:28:44
532.0,291.9996,0,2022-05-21 22:28:46
531.9,4155.0,0,2022-05-21 22:28:46
531.8,34717.0249,0,2022-05-21 22:28:46
531.7,2796.4002,0,2022-05-21 22:28:46
531.6,66801.6231,0,2022-05-21 22:28:46
532.3,640685.2632,1,2022-05-21 22:28:46
532.4,4845.174,1,2022-05-21 22:28:46
532.5,59651.2841,1,2022-05-21 22:28:46
532.6,29963.3318,1,2022-05-21 22:28:46
532.7,22425.5456,1,2022-05-21 22:28:46
532.0,291.9996,0,2022-05-21 22:28:48
531.9,4155.0,0,2022-05-21 22:28:48
531.8,34717.0249,0,2022-05-21 22:28:48
531.7,2796.4002,0,2022-05-21 22:28:48
531.6,66801.6231,0,2022-05-21 22:28:48
532.3,640685.2632,1,2022-05-21 22:28:48
532.4,4845.174,1,2022-05-21 22:28:48
532.5,59651.2841,1,2022-05-21 22:28:48
532.6,29963.3318,1,2022-05-21 22:28:48
532.7,22425.5456,1,2022-05-21 22:28:48
531.9,4155.0,0,2022-05-21 22:28:50
531.8,32704.933,0,2022-05-21 22:28:50
531.7,2796.4002,0,2022-05-21 22:28:50
531.6,66801.6231,0,2022-05-21 22:28:50
531.5,11.0085,0,2022-05-21 22:28:50
532.0,18371.1716,1,2022-05-21 22:28:50
532.3,640685.2632,1,2022-05-21 22:28:50
532.4,4845.174,1,2022-05-21 22:28:50
532.5,59651.2841,1,2022-05-21 22:28:50
532.6,29963.3318,1,2022-05-21 22:28:50
531.9,4155.0,0,2022-05-21 22:28:52
531.8,32704.933,0,2022-05-21 22:28:52
531.7,2796.4002,0,2022-05-21 22:28:52
531.6,66801.6231,0,2022-05-21 22:28:52
531.5,11.0085,0,2022-05-21 22:28:52
532.0,18021.1216,1,2022-05-21 22:28:52
532.2,2893.5092,1,2022-05-21 22:28:52
532.3,640685.2632,1,2022-05-21 22:28:52
532.4,4845.174,1,2022-05-21 22:28:52
532.5,59651.2841,1,2022-05-21 22:28:52
531.9,4155.0,0,2022-05-21 22:28:55
531.8,32704.933,0,2022-05-21 22:28:55
531.7,2796.4002,0,2022-05-21 22:28:55
531.6,66801.6231,0,2022-05-21 22:28:55
531.5,11.0085,0,2022-05-21 22:28:55
532.0,18021.1216,1,2022-05-21 22:28:55
532.2,2893.5092,1,2022-05-21 22:28:55
532.3,640685.2632,1,2022-05-21 22:28:55
532.4,4845.174,1,2022-05-21 22:28:55
532.5,59651.2841,1,2022-05-21 22:28:55
531.9,4155.0,0,2022-05-21 22:28:57
531.8,32704.933,0,2022-05-21 22:28:57
531.7,2796.4002,0,2022-05-21 22:28:57
531.6,66801.6231,0,2022-05-21 22:28:57
531.5,11.0085,0,2022-05-21 22:28:57
532.0,18021.1216,1,2022-05-21 22:28:57
532.2,2893.5092,1,2022-05-21 22:28:57
532.3,640685.2632,1,2022-05-21 22:28:57
532.4,4845.174,1,2022-05-21 22:28:57
532.5,59651.2841,1,2022-05-21 22:28:57
531.9,4371.5857,0,2022-05-21 22:28:59
531.8,32272.1269,0,2022-05-21 22:28:59
531.7,2796.4002,0,2022-05-21 22:28:59
531.6,66801.6231,0,2022-05-21 22:28:59
531.5,11.0085,0,2022-05-21 22:28:59
532.0,17599.5216,1,2022-05-21 22:28:59
532.2,2893.5092,1,2022-05-21 22:28:59
532.3,640685.2632,1,2022-05-21 22:28:59
532.4,4845.174,1,2022-05-21 22:28:59
532.5,59651.2841,1,2022-05-21 22:28:59
531.9,4371.5857,0,2022-05-21 22:29:01
531.8,32272.1269,0,2022-05-21 22:29:01
531.7,2796.4002,0,2022-05-21 22:29:01
531.6,66801.6231,0,2022-05-21 22:29:01
531.5,11.0085,0,2022-05-21 22:29:01
532.0,17599.5216,1,2022-05-21 22:29:01
532.2,2893.5092,1,2022-05-21 22:29:01
532.3,640685.2632,1,2022-05-21 22:29:01
532.4,4988.7485,1,2022-05-21 22:29:01
532.5,59651.2841,1,2022-05-21 22:29:01
532.1,7100.514,0,2022-05-21 22:29:03
531.9,4371.5857,0,2022-05-21 22:29:03
531.8,32272.1269,0,2022-05-21 22:29:03
531.7,2796.4002,0,2022-05-21 22:29:03
531.6,66801.6231,0,2022-05-21 22:29:03
532.2,2893.5092,1,2022-05-21 22:29:03
532.3,640685.2632,1,2022-05-21 22:29:03
532.4,4988.7485,1,2022-05-21 22:29:03
532.5,59651.2841,1,2022-05-21 22:29:03
532.6,29963.3318,1,2022-05-21 22:29:03
532.2,2478.0818,0,2022-05-21 22:29:06
532.1,7100.514,0,2022-05-21 22:29:06
532.0,17851.8355,0,2022-05-21 22:29:06
531.9,7091.979,0,2022-05-21 22:29:06
531.8,71895.9281,0,2022-05-21 22:29:06
532.3,598472.3425,1,2022-05-21 22:29:06
532.4,2827.8,1,2022-05-21 22:29:06
532.5,59651.2841,1,2022-05-21 22:29:06
532.6,28937.5643,1,2022-05-21 22:29:06
532.7,23398.5994,1,2022-05-21 22:29:06
532.1,7100.514,0,2022-05-21 22:29:08
532.0,18834.6292,0,2022-05-21 22:29:08
531.9,7091.979,0,2022-05-21 22:29:08
531.8,109419.3802,0,2022-05-21 22:29:08
531.7,14796.4002,0,2022-05-21 22:29:08
532.3,557464.0418,1,2022-05-21 22:29:08
532.5,59651.2841,1,2022-05-21 22:29:08
532.6,28790.2416,1,2022-05-21 22:29:08
532.7,23398.5994,1,2022-05-21 22:29:08
532.8,3120.4187,1,2022-05-21 22:29:08
532.1,7100.514,0,2022-05-21 22:29:10
532.0,18834.6292,0,2022-05-21 22:29:10
531.9,7091.979,0,2022-05-21 22:29:10
531.8,109419.3802,0,2022-05-21 22:29:10
531.7,14796.4002,0,2022-05-21 22:29:10
532.3,554606.0238,1,2022-05-21 22:29:10
532.5,59651.2841,1,2022-05-21 22:29:10
532.6,28790.2416,1,2022-05-21 22:29:10
532.7,23398.5994,1,2022-05-21 22:29:10
532.8,3120.4187,1,2022-05-21 22:29:10
532.1,7100.514,0,2022-05-21 22:29:12
532.0,18834.6292,0,2022-05-21 22:29:12
531.9,7091.979,0,2022-05-21 22:29:12
531.8,109419.3802,0,2022-05-21 22:29:12
531.7,16796.4002,0,2022-05-21 22:29:12
532.3,553799.5736,1,2022-05-21 22:29:12
532.4,2752.662,1,2022-05-21 22:29:12
532.5,59651.2841,1,2022-05-21 22:29:12
532.6,28790.2416,1,2022-05-21 22:29:12
532.7,23398.5994,1,2022-05-21 22:29:12
532.0,18834.6292,0,2022-05-21 22:29:14
531.9,7091.979,0,2022-05-21 22:29:14
531.8,109419.3802,0,2022-05-21 22:29:14
531.7,16796.4002,0,2022-05-21 22:29:14
531.6,40542.171,0,2022-05-21 22:29:14
532.3,552895.1234,1,2022-05-21 22:29:14
532.4,2752.662,1,2022-05-21 22:29:14
532.5,59651.2841,1,2022-05-21 22:29:14
532.6,28790.2416,1,2022-05-21 22:29:14
532.7,23398.5994,1,2022-05-21 22:29:14
532.0,18834.6292,0,2022-05-21 22:29:16
531.9,7091.979,0,2022-05-21 22:29:16
531.8,109419.3802,0,2022-05-21 22:29:16
531.7,16796.4002,0,2022-05-21 22:29:16
531.6,40542.171,0,2022-05-21 22:29:16
532.3,542526.4702,1,2022-05-21 22:29:16
532.4,2752.662,1,2022-05-21 22:29:16
532.5,59651.2841,1,2022-05-21 22:29:16
532.6,28790.2416,1,2022-05-21 22:29:16
532.7,23398.5994,1,2022-05-21 22:29:16
532.0,18834.6292,0,2022-05-21 22:29:19
531.9,7091.979,0,2022-05-21 22:29:19
531.8,71895.9281,0,2022-05-21 22:29:19
531.7,16796.4002,0,2022-05-21 22:29:19
531.6,40542.171,0,2022-05-21 22:29:19
532.3,522772.5273,1,2022-05-21 22:29:19
532.4,2752.662,1,2022-05-21 22:29:19
532.5,59651.2841,1,2022-05-21 22:29:19
532.6,28790.2416,1,2022-05-21 22:29:19
532.7,23398.5994,1,2022-05-21 22:29:19
532.0,56358.0813,0,2022-05-21 22:29:21
531.9,7091.979,0,2022-05-21 22:29:21
531.8,34372.476,0,2022-05-21 22:29:21
531.7,16796.4002,0,2022-05-21 22:29:21
531.6,40542.171,0,2022-05-21 22:29:21
532.3,512842.2792,1,2022-05-21 22:29:21
532.4,2752.662,1,2022-05-21 22:29:21
532.5,59651.2841,1,2022-05-21 22:29:21
532.6,28936.5458,1,2022-05-21 22:29:21
532.7,23398.5994,1,2022-05-21 22:29:21
532.0,56358.0813,0,2022-05-21 22:29:23
531.9,7091.979,0,2022-05-21 22:29:23
531.8,34372.476,0,2022-05-21 22:29:23
531.7,16796.4002,0,2022-05-21 22:29:23
531.6,40542.171,0,2022-05-21 22:29:23
532.3,512842.2792,1,2022-05-21 22:29:23
532.4,2752.662,1,2022-05-21 22:29:23
532.5,59651.2841,1,2022-05-21 22:29:23
532.6,28936.5458,1,2022-05-21 22:29:23
532.7,23398.5994,1,2022-05-21 22:29:23
532.0,53502.3015,0,2022-05-21 22:29:25
531.9,7091.979,0,2022-05-21 22:29:25
531.8,34372.476,0,2022-05-21 22:29:25
531.7,16796.4002,0,2022-05-21 22:29:25
531.6,40542.171,0,2022-05-21 22:29:25
532.3,502238.174,1,2022-05-21 22:29:25
532.4,2752.662,1,2022-05-21 22:29:25
532.5,59651.2841,1,2022-05-21 22:29:25
532.6,28936.5458,1,2022-05-21 22:29:25
532.7,23398.5994,1,2022-05-21 22:29:25
532.0,53502.3015,0,2022-05-21 22:29:27
531.9,7091.979,0,2022-05-21 22:29:27
531.8,34372.476,0,2022-05-21 22:29:27
531.7,16796.4002,0,2022-05-21 22:29:27
531.6,40542.171,0,2022-05-21 22:29:27
532.3,502238.174,1,2022-05-21 22:29:27
532.4,2752.662,1,2022-05-21 22:29:27
532.5,59651.2841,1,2022-05-21 22:29:27
532.6,28936.5458,1,2022-05-21 22:29:27
532.7,23398.5994,1,2022-05-21 22:29:27
532.0,53502.3015,0,2022-05-21 22:29:29
531.9,7091.979,0,2022-05-21 22:29:29
531.8,34372.476,0,2022-05-21 22:29:29
531.7,16796.4002,0,2022-05-21 22:29:29
531.6,40542.171,0,2022-05-21 22:29:29
532.3,499493.1587,1,2022-05-21 22:29:29
532.4,18575.207,1,2022-05-21 22:29:29
532.5,59651.2841,1,2022-05-21 22:29:29
532.6,28936.5458,1,2022-05-21 22:29:29
532.7,23398.5994,1,2022-05-21 22:29:29
532.0,53502.3015,0,2022-05-21 22:29:32
531.9,7091.979,0,2022-05-21 22:29:32
531.8,34372.476,0,2022-05-21 22:29:32
531.7,16796.4002,0,2022-05-21 22:29:32
531.6,40542.171,0,2022-05-21 22:29:32
532.3,499493.1587,1,2022-05-21 22:29:32
532.4,18575.207,1,2022-05-21 22:29:32
532.5,59651.2841,1,2022-05-21 22:29:32
532.6,28936.5458,1,2022-05-21 22:29:32
532.7,23398.5994,1,2022-05-21 22:29:32
532.0,37523.4521,0,2022-05-21 22:29:34
531.9,7091.979,0,2022-05-21 22:29:34
531.8,34372.476,0,2022-05-21 22:29:34
531.7,16796.4002,0,2022-05-21 22:29:34
531.6,40542.171,0,2022-05-21 22:29:34
532.3,499393.1587,1,2022-05-21 22:29:34
532.4,18575.207,1,2022-05-21 22:29:34
532.5,59651.2841,1,2022-05-21 22:29:34
532.6,28936.5458,1,2022-05-21 22:29:34
532.7,23398.5994,1,2022-05-21 22:29:34
532.0,37523.4521,0,2022-05-21 22:29:36
531.9,7091.979,0,2022-05-21 22:29:36
531.8,34372.476,0,2022-05-21 22:29:36
531.7,16796.4002,0,2022-05-21 22:29:36
531.6,40542.171,0,2022-05-21 22:29:36
532.3,499708.6679,1,2022-05-21 22:29:36
532.4,18575.207,1,2022-05-21 22:29:36
532.5,59651.2841,1,2022-05-21 22:29:36
532.6,28936.5458,1,2022-05-21 22:29:36
532.7,23398.5994,1,2022-05-21 22:29:36
532.0,37523.4521,0,2022-05-21 22:29:38
531.9,7091.979,0,2022-05-21 22:29:38
531.8,34372.476,0,2022-05-21 22:29:38
531.7,16796.4002,0,2022-05-21 22:29:38
531.6,40542.171,0,2022-05-21 22:29:38
532.3,491493.4882,1,2022-05-21 22:29:38
532.4,18575.207,1,2022-05-21 22:29:38
532.5,59651.2841,1,2022-05-21 22:29:38
532.6,28936.5458,1,2022-05-21 22:29:38
532.7,23398.5994,1,2022-05-21 22:29:38
532.0,37523.4521,0,2022-05-21 22:29:40
531.9,7091.979,0,2022-05-21 22:29:40
531.8,34372.476,0,2022-05-21 22:29:40
531.7,16796.4002,0,2022-05-21 22:29:40
531.6,52695.7844,0,2022-05-21 22:29:40
532.3,491493.4882,1,2022-05-21 22:29:40
532.4,18575.207,1,2022-05-21 22:29:40
532.5,59651.2841,1,2022-05-21 22:29:40
532.6,28936.5458,1,2022-05-21 22:29:40
532.7,23398.5994,1,2022-05-21 22:29:40
532.0,37523.4521,0,2022-05-21 22:29:43
531.9,7091.979,0,2022-05-21 22:29:43
531.8,34372.476,0,2022-05-21 22:29:43
531.7,16796.4002,0,2022-05-21 22:29:43
531.6,52695.7844,0,2022-05-21 22:29:43
532.3,491493.4882,1,2022-05-21 22:29:43
532.4,18575.207,1,2022-05-21 22:29:43
532.5,59651.2841,1,2022-05-21 22:29:43
532.6,28936.5458,1,2022-05-21 22:29:43
532.7,23398.5994,1,2022-05-21 22:29:43
532.0,37523.4521,0,2022-05-21 22:29:45
531.9,7091.979,0,2022-05-21 22:29:45
531.8,34372.476,0,2022-05-21 22:29:45
531.7,16796.4002,0,2022-05-21 22:29:45
531.6,52695.7844,0,2022-05-21 22:29:45
532.3,491493.4882,1,2022-05-21 22:29:45
532.4,18575.207,1,2022-05-21 22:29:45
532.5,59651.2841,1,2022-05-21 22:29:45
532.6,28936.5458,1,2022-05-21 22:29:45
532.7,23398.5994,1,2022-05-21 22:29:45
532.0,37523.4521,0,2022-05-21 22:29:47
531.9,7091.979,0,2022-05-21 22:29:47
531.8,34372.476,0,2022-05-21 22:29:47
531.7,16796.4002,0,2022-05-21 22:29:47
531.6,52695.7844,0,2022-05-21 22:29:47
532.3,491493.4882,1,2022-05-21 22:29:47
532.4,18575.207,1,2022-05-21 22:29:47
532.5,59651.2841,1,2022-05-21 22:29:47
532.6,28936.5458,1,2022-05-21 22:29:47
532.7,23398.5994,1,2022-05-21 22:29:47
532.0,970.7985,0,2022-05-21 22:29:49
531.9,7091.979,0,2022-05-21 22:29:49
531.8,34372.476,0,2022-05-21 22:29:49
531.7,16796.4002,0,2022-05-21 22:29:49
531.6,52695.7844,0,2022-05-21 22:29:49
532.3,491493.4882,1,2022-05-21 22:29:49
532.4,20693.3001,1,2022-05-21 22:29:49
532.5,60653.822,1,2022-05-21 22:29:49
532.6,28936.5458,1,2022-05-21 22:29:49
532.7,23398.5994,1,2022-05-21 22:29:49
532.0,970.7985,0,2022-05-21 22:29:51
531.9,7091.979,0,2022-05-21 22:29:51
531.8,71895.9281,0,2022-05-21 22:29:51
531.7,16796.4002,0,2022-05-21 22:29:51
531.6,52695.7844,0,2022-05-21 22:29:51
532.3,491493.4882,1,2022-05-21 22:29:51
532.4,20693.3001,1,2022-05-21 22:29:51
532.5,60653.822,1,2022-05-21 22:29:51
532.6,28936.5458,1,2022-05-21 22:29:51
532.7,23398.5994,1,2022-05-21 22:29:51
532.0,970.7985,0,2022-05-21 22:29:53
531.9,7091.979,0,2022-05-21 22:29:53
531.8,71895.9281,0,2022-05-21 22:29:53
531.7,16796.4002,0,2022-05-21 22:29:53
531.6,52695.7844,0,2022-05-21 22:29:53
532.3,491493.4882,1,2022-05-21 22:29:53
532.4,20693.3001,1,2022-05-21 22:29:53
532.5,60653.822,1,2022-05-21 22:29:53
532.6,28936.5458,1,2022-05-21 22:29:53
532.7,23398.5994,1,2022-05-21 22:29:53
532.0,970.7985,0,2022-05-21 22:29:56
531.9,7091.979,0,2022-05-21 22:29:56
531.8,70930.5277,0,2022-05-21 22:29:56
531.7,4796.4002,0,2022-05-21 22:29:56
531.6,52695.7844,0,2022-05-21 22:29:56
532.3,495886.862,1,2022-05-21 22:29:56
532.4,20693.3001,1,2022-05-21 22:29:56
532.5,60653.822,1,2022-05-21 22:29:56
532.6,28936.5458,1,2022-05-21 22:29:56
532.7,23398.5994,1,2022-05-21 22:29:56
532.0,38494.2506,0,2022-05-21 22:29:58
531.9,7091.979,0,2022-05-21 22:29:58
531.8,33407.0756,0,2022-05-21 22:29:58
531.7,4796.4002,0,2022-05-21 22:29:58
531.6,52695.7844,0,2022-05-21 22:29:58
532.3,495886.862,1,2022-05-21 22:29:58
532.4,20693.3001,1,2022-05-21 22:29:58
532.5,60653.822,1,2022-05-21 22:29:58
532.6,28936.5458,1,2022-05-21 22:29:58
532.7,23398.5994,1,2022-05-21 22:29:58
532.0,10.0,0,2022-05-21 22:30:00
531.9,7091.979,0,2022-05-21 22:30:00
531.8,70930.5277,0,2022-05-21 22:30:00
531.7,4796.4002,0,2022-05-21 22:30:00
531.6,53666.598,0,2022-05-21 22:30:00
